2028 3458
492 278 540 314 30
715 275 780 312 DE
808 274 1097 312 VIRTUTIBUS
1130 271 1300 310 SANCTI
1330 270 1553 309 MARTINI.
1574 291 1627 298 —
1646 270 1678 309 1.

490 363 577 410 tibi
600 378 794 427 magnas
817 361 988 422 refero,
1015 359 1283 406 beatissime
1311 358 1490 404 domne
1527 358 1752 419 Martine,
1778 355 1909 422 quod

490 442 705 506 aperiens
728 457 783 487 os
806 455 992 500 meum,
1020 437 1168 484 fecisti
1198 454 1276 483 me
1298 446 1406 502 post
1429 436 1626 500 longum
1650 446 1837 503 tempus
1861 438 1907 483 in

491 528 594 566 tuas
627 518 791 566 laudes
824 516 969 564 verba
1005 515 1179 562 laxare.
1202 535 1224 558 »
1267 514 1543 563 Admirante
1577 525 1738 563 autem
1778 516 1909 562 omni

492 596 692 661 populo,
720 605 766 642 et
788 604 1009 659 stupente
1032 593 1191 644 detali
1211 592 1462 653 miraculo,
1485 593 1781 657 interrogant
1804 594 1841 639 si
1865 602 1911 639 et

492 673 706 721 auditum
728 673 905 737 pariter
934 671 1204 736 recepisset.
1231 670 1326 728 Qui
1354 670 1501 718 libere
1522 672 1687 720 omnia
1709 670 1875 718 audire
1895 707 1907 731 ,

492 750 672 816 populo
698 759 900 797 testante
926 747 1215 814 respondit¹.
1239 748 1437 795 Sanitati
1459 765 1572 812 ergo
1590 749 1656 795 sic
1675 747 1909 805 redditus,

491 845 517 876 a
534 826 884 875 Chrodecliilde
901 827 1063 891 regina
1079 842 1167 891 pro
1189 825 1361 872 virtute
1381 827 1742 890 reverentiaque
1761 825 1912 872 sancti

491 907 679 954 Martini
707 905 933 954 collectus
966 915 1054 966 est,
1081 915 1126 952 et
1162 903 1224 952 ad
1253 903 1468 952 scholam
1499 905 1685 970 positus
1714 920 1912 953 omnem

490 986 786 1052 psalmorum
830 985 999 1032 seriem
1044 983 1287 1031 memoriae
1331 982 1704 1032 commendavit.
1755 984 1911 1040 Quem

491 1067 619 1111 Deus
644 1063 906 1129 perfectum
930 1061 1140 1110 efficiens
1162 1061 1407 1124 clericum,
1427 1078 1514 1127 per
1537 1060 1715 1109 multos
1736 1060 1785 1107 in
1806 1075 1914 1124 pos-

493 1153 648 1192 terum
669 1158 823 1191 annos
842 1142 892 1189 in
921 1141 1115 1190 servitio
1136 1140 1345 1189 ecclesiae
1365 1139 1656 1189 commorari
1677 1138 1909 1205 permisit.

1055 1293 1211 1328 CAPUT
1235 1293 1341 1331 VIII.

882 1387 933 1421 De
951 1386 1224 1422 Chainemunda
1241 1387 1389 1422 muliere
1404 1399 1509 1425 caeca.

557 1489 723 1537 Mulier
745 1488 980 1553 quaedam,
1006 1489 1206 1537 nomine
1227 1488 1590 1537 Chainemunda
1606 1490 1637 1548 ’‚
1661 1487 1915 1536 oculorum

493 1567 597 1614 luce
618 1566 823 1632 privata,
850 1566 1067 1613 nesciens
1091 1567 1191 1613 visu
1222 1576 1383 1614 tenere
1407 1567 1562 1627 viam,
1588 1566 1680 1613 nisi
1710 1565 1804 1613 alio
1827 1565 1915 1611 du-

493 1654 648 1703 cente,
674 1643 847 1691 devota
866 1643 1004 1691 valde
1026 1654 1074 1691 et
1095 1643 1192 1691 fide
1214 1645 1374 1709 plena,
1401 1645 1532 1691 venit
1565 1643 1627 1692 ad
1646 1643 1915 1691 venerabile

495 1721 726 1786 templum
758 1721 886 1769 beati
906 1722 1097 1769 Martini
1120 1722 1359 1769 antistitis.
1386 1724 1499 1769 Erat
1522 1730 1682 1769 autem
1713 1737 1814 1767 non
1837 1736 1916 1767 so-

493 1798 594 1845 lum
618 1809 669 1846 ut
691 1799 896 1846 diximus
924 1815 1047 1847 caeca
1062 1835 1075 1859 ,
1110 1799 1196 1847 sed
1217 1801 1361 1847 etiam
1384 1809 1489 1847 toto
1514 1815 1719 1864 corpore
1746 1797 1918 1845 ulceri-

494 1876 583 1923 bus
607 1877 766 1942 plena.
792 1876 1059 1925 Obsederat
1091 1877 1221 1924 enim
1245 1878 1410 1925 omnia
1440 1877 1655 1924 membra
1687 1877 1788 1940 ejus
1818 1894 1918 1940 pu-

495 1954 630 2001 tredo
648 1971 758 2001 cum
773 1955 992 2019 pustulis,
1009 1965 1058 2002 et
1074 1964 1175 2002 erat
1189 1954 1445 2003 miserabili
1461 1955 1596 2013 facie,
1613 1964 1658 2001 et
1675 1953 1919 2000 horribilis

495 2031 558 2078 ad
574 2031 854 2095 videndum,
870 2042 922 2079 ut
939 2043 1187 2097 tamquam
1206 2031 1393 2097 leprosa
1409 2042 1655 2097 putaretur
1669 2047 1698 2078 a
1713 2031 1913 2095 populo.

496 2110 710 2171 Cumque
746 2109 988 2174 palpando
1023 2109 1193 2157 diebus
1227 2110 1425 2174 singulis
1452 2110 1513 2156 ad
1543 2108 1695 2156 aedem
1727 2109 1919 2171 gloriosi

498 2187 708 2250 praesulis
727 2188 988 2250 cursitaret,
1013 2199 1123 2255 post
1145 2199 1240 2236 tres
1256 2189 1352 2237 sere
1372 2206 1542 2248 annos,
1564 2198 1718 2237 stante
1736 2204 1791 2235 ea
1809 2198 1918 2234 ante

552 2380 609 2434 (1)
637 2382 697 2421 Sic
715 2386 820 2432 Bec.‚
840 2385 927 2423 Gat.
950 2393 988 2423 et
1003 2387 1117 2423 Rom.
1141 2384 1215 2422 Alii
1232 2396 1343 2431 vero,
1360 2386 1499 2435 populo
1521 2393 1627 2423 teste.
1650 2383 1767 2433 Editi,
1777 2385 1920 2434 populo

501 2455 657 2484 testatus
674 2456 741 2485 est.
761 2450 809 2486 Et
827 2461 912 2499 quae
932 2458 1145 2500 sequuntur
1166 2449 1220 2488 sic
1249 2458 1338 2487 sunt
1361 2449 1400 2487 in
1424 2449 1534 2488 editis
1567 2465 1575 2487 ε
1610 2451 1700 2487 Post
1718 2453 1919 2486 sanitatem

499 2526 586 2563 ergo
614 2515 731 2551 rediit
762 2516 816 2552 ad
838 2516 1145 2554 chrodechildem
1173 2517 1340 2568 reginam
1374 2525 1448 2554 etc.
1471 2515 1571 2564 Bal.‚
1596 2517 1920 2554 Throdechildem.

499 2579 578 2625 (R.)
601 2599 653 2607 —
673 2579 793 2627 2204,
813 2582 931 2629 5334,
953 2581 1094 2625 (lh-F..
1120 2581 1202 2620 Orl.
1225 2582 1303 2620 292
1330 2582 1603 2633 Chrodegildc55
1627 2582 1726 2620 3801
1750 2582 1921 2620 Sanitate

502 2655 586 2693 ergo
603 2643 718 2680 rediit
736 2645 791 2680 ad
813 2646 1133 2696 Therodegildem.

551 2705 737 2760 (2),Colb.
769 2717 839 2747 tut.
869 2718 905 2747 et
935 2712 1021 2749 Gat.
1051 2724 1138 2749 cum
1165 2710 1300 2760 Editis,
1329 2712 1634 2759 Chamemunda;
1650 2711 1750 2751 Clar.
1772 2711 1920 2749 Chane-

499 2774 641 2810 munda
647 2786 665 2822 ,·
682 2772 791 2813 Colb.
812 2773 839 2812 b
856 2783 895 2813 et
909 2778 998 2815 Bec.
1019 2779 1291 2819 Camemunda.
1306 2776 1389 2830 (R.)
1402 2780 1497 2829 Sup.
1519 2779 1613 2828 243,
1630 2778 1916 2818 Gainenmmda.
