2028 3458
514 270 591 307 354
877 265 944 304 DE
973 265 1157 304 GLORIA
1184 265 1554 305 CONFESSORUM.

511 356 681 404 etitatis
703 364 811 413 tuae,
839 353 973 401 multi
996 362 1105 400 sunt
1127 354 1253 400 enim
1278 354 1454 401 infirmi
1484 371 1605 419 quos
1629 364 1674 401 te
1706 362 1926 419 oporteat

508 435 713 481 visitare.
738 435 956 496 Cumque
981 431 1198 479 obtinere
1221 449 1319 478 non
1346 441 1555 497 possent,
1576 433 1810 498 impositis
1832 448 1927 479 ma·

506 511 647 558 nibus
670 528 813 576 super
834 510 1050 557 infirmos
1070 510 1151 574 qui
1168 509 1475 571 advenerant,
1499 511 1686 558 sanitati
1706 511 1921 568 restituit,

507 599 552 636 et
574 589 636 635 ad
660 589 819 635 vicum
844 588 1214 635 Arethonensem
1239 603 1475 652 regressus
1497 598 1584 636 est.
1614 591 1772 635 Exstat
1795 604 1926 635 nunc

506 667 554 713 in
579 666 673 713 hoc
697 666 805 713 loco
831 665 1084 726 cancellus,
1112 666 1159 712 in
1187 682 1286 729 quo
1315 675 1506 713 sanctus
1530 665 1703 713 dicitur
1724 667 1919 714 stetisse.

505 747 615 792 Post
636 744 735 791 haec
754 744 984 791 accedens
1007 744 1068 790 ad
1092 743 1331 790 tumulum
1350 744 1557 807 virginis,
1581 744 1645 791 ait
1668 762 1678 790 :
1710 764 1731 788 «
1758 744 1925 791 Gaude

505 838 634 869 nunc
650 858 663 881 ,
693 822 894 869 Vitalina
918 838 1054 868 soror
1081 820 1379 880 beatissima3
1417 831 1526 886 post
1546 821 1760 868 triduum
1796 822 1925 868 enim

506 901 733 964 majestati
758 900 1010 947 dominicae
1033 899 1407 986 praesent-aberis.
1420 919 1442 942 »
1462 902 1518 944 Et
1537 899 1749 946 discessit
1781 898 1842 946 ab
1866 915 1924 945 eo

505 977 631 1025 loco.
660 977 874 1025 Posthaec
901 978 1060 1024 multis
1085 994 1171 1043 per
1199 977 1353 1025 visum
1383 977 1518 1040 virgo
1548 986 1735 1023 ostensa
1760 986 1854 1033 est,
1880 985 1926 1022 et

501 1046 733 1103 beneficia
767 1056 912 1121 petita
946 1054 1165 1143 praebuit,
1207 1065 1253 1101 et
1284 1054 1410 1101 diem
1449 1053 1608 1101 obitus
1642 1054 1714 1100 sui
1747 1053 1794 1099 in
1828 1069 1924 1117 quo

501 1134 896 1180 commemoratio
932 1134 1032 1197 ejus
1070 1132 1389 1180 celebraretur
1425 1132 1586 1179 edixit.
1634 1131 1778 1189 Quod
1825 1149 1923 1178 non

501 1211 636 1258 aliter
653 1212 956 1259 sentiendum
973 1221 1059 1271 est,
1076 1211 1165 1258 nisi
1185 1212 1298 1275 quia
1319 1210 1446 1258 beati
1465 1211 1682 1258 antistitis
1703 1209 1921 1269 obtentu,

503 1288 756 1336 dominicae
796 1290 1051 1354 majestatis
1085 1289 1383 1354 praesentiam
1424 1289 1668 1335 meruisset
1683 1325 1694 1346 ‚
1735 1298 1787 1334 ut
1825 1287 1925 1335 haec

499 1367 724 1433 deinceps
747 1377 920 1431 ageret.
942 1367 1167 1425 Quodam
1190 1376 1348 1414 autem
1370 1376 1584 1432 tempore
1604 1365 1852 1413 celebratis
1876 1366 1923 1411 in

500 1446 601 1508 ejus
625 1445 863 1492 honorem
894 1445 1079 1508 vigitiis,
1106 1461 1217 1491 cum
1248 1444 1629 1509 archipresbyter
1657 1443 1750 1490 loci
1782 1442 1923 1490 Eula-

502 1522 592 1569 lius
627 1523 825 1569 clericos
855 1523 1079 1570 convivio
1112 1523 1383 1580 invitasset,
1421 1521 1615 1568 Edatius
1654 1537 1770 1567 vero
1805 1521 1925 1567 alius

498 1600 748 1665 presbyter
771 1601 927 1648 viduis
950 1617 1005 1648 ac
1030 1601 1321 1667 pauperibus
1345 1600 1537 1665 reliquis
1568 1600 1781 1647 edulium
1806 1615 1923 1664 prae·

497 1690 704 1744 pararet,
731 1689 778 1727 et
804 1681 884 1726 uni
911 1680 1061 1744 pisces
1091 1680 1327 1739 deessent,
1352 1679 1484 1726 alteri
1522 1679 1687 1725 vinum
1715 1677 1919 1738 bonum,

502 1758 827 1804 commonitus
852 1758 1061 1823 piscator
1082 1757 1278 1822 quidam
1309 1774 1393 1822 per
1418 1757 1574 1803 visum
1597 1772 1624 1804 a
1649 1757 1830 1819 virgine
1854 1766 1923 1802 est

498 1845 550 1881 ut
571 1835 980 1900 archipresbytero
1004 1835 1206 1901 piscium
1225 1836 1416 1900 copiam
1441 1834 1662 1882 deferret.
1690 1836 1924 1881 Surrexit-

499 1928 592 1975 que
609 1928 635 1958 e
650 1912 843 1975 lectulo,
865 1913 1141 1977 invenitque
1154 1913 1413 1961 immanem
1430 1928 1618 1959 esocem
1634 1914 1644 1936 ¹
1664 1912 1712 1958 in
1734 1910 1920 1976 lapsum

500 2006 658 2050 suum,
687 2007 831 2054 quem
860 1989 943 2037 ubi
978 1990 1259 2054 jussus'suit
1294 1990 1522 2038 exhibuit.
1560 1989 1729 2036 Edatio
1761 1999 1919 2035 autem
1960 2013 1965 2021 =

501 2067 780 2132 presbytero
796 2069 1015 2134 apparuit
1033 2069 1249 2115 similiter
1257 2085 1342 2134 per
1358 2068 1529 2128 visum,
1542 2067 1724 2114 dicens:
1737 2066 1915 2120 «Vade,

498 2154 545 2192 et
567 2143 656 2192 sub
681 2161 776 2193 una
797 2144 968 2193 arbore
995 2146 1100 2193 atrii
1133 2145 1348 2192 invenies
1379 2161 1530 2190 unum
1566 2144 1814 2202 triantem3
1845 2144 1921 2208 ip—

498 2237 606 2268 sum
631 2221 835 2280 donans,
862 2222 1027 2269 vinum
1046 2221 1245 2285 dignum
1268 2221 1419 2285 epulis
1439 2237 1704 2285 pauperum
1728 2236 1919 2285 compa·

501 2298 677 2346 rabis.»
700 2303 755 2347 At
777 2299 854 2347 ille
877 2300 995 2347 nulli
1017 2317 1123 2365 quae
1145 2300 1328 2348 viderat
1345 2300 1555 2347 narravit
1576 2317 1585 2345 :
1608 2299 1740 2357 abiit,
1768 2299 1919 2363 inqui-

498 2377 630 2437 sivit,
672 2378 873 2442 reperit3
911 2388 1233 2444 coemptoque
1280 2379 1392 2425 vino
1414 2416 1425 2438 ,
1469 2394 1702 2442 pauperes
1745 2377 1916 2424 Christi

498 2453 678 2502 refecit.
717 2455 887 2520 Sicque
923 2456 1071 2503 virtus
1109 2456 1304 2518 virginis
1340 2457 1528 2520 utrique
1562 2470 1815 2520 apparens,
1855 2454 1916 2501 de

497 2530 748 2596 speciebus
770 2548 875 2597 quae
900 2532 1056 2579 minus
1084 2543 1218 2580 erant
1242 2542 1498 2597 utrumque
1521 2532 1845 2598 locupletavit.

546 2689 601 2735 (1)
619 2682 717 2726 Editi
739 2688 928 2741 plerique,
948 2694 1105 2740 piscem.
1131 2692 1213 2738 (R.)
