2028 3458
421 216 497 252 322
622 215 687 251 DE
716 214 1008 252 VIRTUTIBUS
1036 214 1210 252 SANCTI
1238 214 1459 252 MARTINI.
1489 235 1539 242 -—
1561 213 1621 253 IV.

420 318 555 350 suam
567 312 786 349 extremae
797 302 903 349 vitae
920 302 1175 349 terminum
1193 304 1414 366 attigisse.
1433 306 1565 364 Quae,
1583 303 1842 351 adveniens

420 380 482 428 ad
506 389 748 442 aegrotam,
779 395 980 443 eamque
1009 380 1221 441 visitanS,
1253 382 1520 446 amotisque
1543 381 1844 445 ligaminibus

420 474 525 522 quae
558 457 687 504 stulti
723 457 1022 517 indiderant,
1055 457 1216 504 oleum
1251 457 1379 506 beati
1409 460 1611 525 sepulcri
1643 460 1714 507 ori
1744 459 1845 523 ejus

420 537 612 594 infudit,
630 551 835 600 ceraque
851 535 1062 583 suffivit¹.
1078 536 1206 595 Mox,
1224 552 1447 585 sermone
1461 538 1667 598 reddito,
1681 539 1847 602 nequi-

420 615 494 660 tiae
517 614 631 661 dolo
655 613 920 679 dirempto,
945 630 1066 678 aegra
1089 613 1348 661 convaluit.

940 809 1098 844 CAPUT
1129 809 1324 846 XXXVII.

912 909 964 943 De
993 887 1195 956 frigoriticis
1219 909 1359 947 sanatis.

489 998 721 1059 Tempore
740 1003 901 1041 autem
912 1011 1029 1058 qu0,
1045 1004 1154 1059 post
1176 995 1364 1043 obitum
1385 995 1709 1059 gloriosissimi
1729 998 1850 1061 regis

425 1071 792 1133 Guntcliramni,
810 1070 1144 1120 Childebertus
1158 1090 1238 1120 rex
1260 1074 1668 1122 Aurelianensium
1684 1075 1850 1122 urbem

426 1150 593 1209 adivit,
619 1165 883 1214 puerorum
908 1167 1033 1197 unus
1054 1151 1323 1198 aulicorum
1347 1152 1549 1215 graviter
1574 1169 1599 1198 a
1623 1162 1737 1217 typo
1762 1162 1852 1199 ter-

427 1228 582 1286 tiano,
614 1227 952 1274 accedentibus
984 1227 1434 1292 discedentibusque
1480 1229 1718 1291 febribus,
1758 1240 1853 1276 tre-

426 1321 559 1351 more
582 1305 944 1369 superveniente
967 1305 1287 1369 quatiebatur.
1314 1307 1366 1354 Id
1393 1324 1505 1354 cum
1529 1307 1670 1355 nobis
1693 1308 1853 1355 suisset

428 1391 638 1446 questus,
665 1382 724 1428 de
753 1382 948 1447 pulvere
974 1384 1126 1430 sancti
1151 1384 1359 1448 sepulcri
1382 1395 1553 1449 potum
1582 1386 1625 1432 ei
1648 1387 1855 1451 porrexi-

431 1476 564 1505 mus:
593 1476 735 1522 quem
771 1459 1023 1521 hauriens,
1050 1476 1326 1524 compresso
1357 1471 1566 1509 tremore
1590 1463 1850 1510 convaluit.

430 1539 482 1584 ln
506 1537 723 1601 sequenti
741 1553 854 1583 vero
878 1546 1036 1599 nocte,
1063 1555 1174 1584 cum
1198 1538 1299 1585 dies
1323 1539 1417 1599 ille,
1444 1555 1542 1603 quo
1567 1540 1718 1604 frangi
1739 1557 1855 1587 con-

432 1606 675 1675 sueverat,
716 1614 1014 1675 advenisset,
1057 1615 1178 1662 vidit
1217 1632 1303 1681 per
1334 1617 1488 1663 visum
1521 1618 1856 1666 advenientem

432 1708 687 1756 personam
715 1693 1025 1753 teterrimam,
1044 1693 1381 1759 dicentemque
1405 1694 1495 1742 sibi
1519 1713 1529 1741 :
1561 1716 1584 1740 «
1611 1699 1733 1743 Ecce
1757 1697 1857 1760 jam

435 1779 622 1835 tempus
661 1770 729 1817 tui
760 1771 978 1817 tremoris
1016 1770 1233 1831 advenit,
1269 1772 1386 1836 quid
1427 1771 1728 1821 dissimulas?
1765 1778 1858 1837 Age

435 1847 568 1910 quod
582 1848 886 1894 consuevisti.
908 1867 929 1892 υ
946 1851 1053 1895 Haec
1071 1866 1130 1896 eo
1148 1849 1354 1912 dicente,
1374 1850 1649 1898 advenitvir
1663 1851 1857 1915 quidam

439 1925 572 1971 vultu
596 1924 892 1989 splendidus,
914 1926 1101 1973 caesarie
1124 1927 1308 1989 niveus,
1335 1938 1528 1993 aspectu
1553 1928 1772 1990 decorus,
1792 1930 1860 1977 di-

438 2017 551 2047 cens
564 2001 631 2048 ei:
655 2021 677 2044 <t
692 2004 759 2048 Ne
780 2003 1045 2061 tremueris,
1061 2003 1145 2050 sed
1166 2003 1307 2051 facito
1332 2021 1476 2070 super
1500 2005 1705 2053 frontem
1730 2016 1860 2053 tuam

438 2079 627 2141 signum
640 2079 1106 2143 venerandaeJcrucis²
1122 2082 1378 2146 statimque
1388 2082 1646 2131 sanaberis.
1665 2105 1688 2127 2>
1709 2087 1758 2130 ln
1771 2084 1860 2131 hac

443 2157 625 2203 visione
648 2158 1019 2222 expergefactus,
1047 2159 1355 2224 munitusque
1379 2160 1474 2208 hoc
1495 2162 1739 2226 signaculo
1762 2179 1860 2227 quo

443 2234 592 2281 fuerat
608 2235 791 2298 jussus,
820 2252 1070 2300 nunquam
1092 2237 1290 2284 ulterius
1311 2255 1416 2303 quae
1438 2241 1536 2303 pati
1559 2241 1731 2287 soleret
1754 2257 1862 2306 pas-

442 2329 523 2359 sus
545 2322 630 2359 est.
658 2313 726 2360 Ab
749 2313 844 2361 hoc
868 2324 981 2378 typo
1009 2316 1184 2377 reginae
1212 2316 1370 2380 puella
1399 2317 1605 2381 fatigata,
1630 2330 1750 2384 potu
1773 2319 1860 2365 hu-

438 2390 515 2454 jus
534 2391 684 2438 sancti
703 2391 1033 2439 medicaminis
1058 2403 1269 2458 sumpto,
1295 2404 1458 2443 sanata
1479 2405 1565 2442 est.

499 2600 555 2652 (1)
585 2605 673 2639 MSS.
698 2603 844 2651 Susivil.
