2028 3458
451 261 526 298 302
650 260 712 295 DE
742 256 1034 294 VIRTUTIBUS
1062 257 1234 294 SANCTI
1262 258 1486 294 MARTINI.
1510 277 1565 285 —-
1586 258 1649 295 IV.

450 366 620 413 mulier
653 381 758 428 quae
779 364 860 411 diu
886 380 915 411 a
937 363 1110 428 frigore
1142 362 1347 410 febrium
1369 363 1643 428 aegrotabat,
1670 371 1867 426 accepto

450 444 511 491 ab
545 444 635 489 hac
667 441 1006 489 benedictione
1038 439 1249 502 modico,
1285 457 1397 488 mox
1435 451 1487 488 ut
1527 441 1755 505 sumpsit,
1795 456 1868 487 sa-

450 530 561 568 nata
579 528 665 566 est.

1011 654 1169 690 CAPUT
1192 654 1315 690 XXII.

950 753 1001 785 De
1017 759 1200 786 contracto
1219 749 1356 785 directo
1363 777 1370 783 .

518 837 740 885 Silluvius
755 839 785 897 ¹,
802 834 963 884 incola
987 836 1332 900 Bajocassinus‚
1355 851 1467 882 cum
1489 835 1539 881 in
1559 851 1668 882 rure
1694 835 1875 900 positus

455 926 733 981 operaretur
756 914 1008 981 quiddam,
1036 923 1283 962 commoto
1302 922 1466 978 vento,
1494 929 1673 978 pavore
1694 912 1876 978 percul-

456 1011 553 1053 sus,
583 1004 786 1042 tremere
803 992 964 1058 coepit,
992 1009 1049 1040 ac
1072 991 1300 1039 membris
1318 989 1545 1037 omnibus
1567 989 1774 1050 destitui,
1794 1006 1877 1035 vo-

456 1072 639 1118 ciferari
669 1072 836 1133 etiam,
871 1080 919 1118 et
951 1069 1040 1117 sibi
1069 1079 1276 1116 mortem
1312 1068 1562 1115 imminere
1596 1066 1873 1117 testabatur.

458 1152 638 1197 Interea
678 1147 1074 1198 concurrentibus
1111 1146 1277 1194 vicinis
1311 1145 1372 1193 ad
1410 1137 1736 1211 spectaculum
1763 1143 1873 1203 tale,

457 1227 557 1292 ipse
582 1228 707 1275 inter
726 1243 869 1274 voces
892 1236 939 1273 et
965 1225 1190 1281 ululatus,
1219 1224 1477 1271 contractis
1498 1224 1672 1282 nervis,
1703 1221 1879 1270 debili-

456 1315 585 1353 tatur
604 1305 665 1352 ad
687 1306 927 1368 integrum
942 1324 956 1365 3
977 1312 1025 1350 et
1045 1319 1145 1349 non
1163 1301 1320 1349 solum
1336 1301 1379 1348 ei
1397 1317 1510 1347 usus
1525 1300 1715 1347 aurium
1731 1299 1880 1347 dene-

459 1392 613 1447 gatur,
649 1382 961 1430 verumetiam
994 1389 1041 1427 et
1070 1380 1177 1444 ipso
1207 1379 1389 1426 lumine
1420 1379 1573 1427 caruit
1606 1377 1874 1425 oculorum.

457 1460 572 1506 Post
603 1457 881 1522 quindecim
913 1473 1030 1504 vero
1064 1472 1220 1504 annos
1249 1455 1366 1503 dum
1399 1456 1449 1502 in
1482 1454 1574 1502 hac
1609 1453 1880 1500 infelicitate

460 1535 670 1599 degeret,
696 1534 759 1582 ad
785 1534 1088 1582 festivitatem
1112 1533 1260 1581 sancti
1283 1533 1473 1580 Martini
1495 1530 1777 1590 adveniens,
1803 1546 1882 1575 so-

458 1612 614 1660 lidatis
630 1611 876 1671 membris,
901 1611 1146 1676 oculisque
1168 1610 1386 1675 receptis,
1406 1608 1649 1658 abscessit.

1014 1761 1169 1795 CAPUT
1195 1759 1321 1794 XXIII
1329 1785 1336 1793 .

922 1858 974 1891 De
991 1868 1081 1890 caeca
1096 1868 1137 1890 ac
1156 1854 1264 1890 debili
1281 1854 1421 1890 sanatis.

530 1943 626 1987 Nec
654 1938 870 1986 dissimili
890 1940 1063 1987 virtute
1096 1939 1267 1987 mulier
1290 1937 1648 2002 Ermegundis’,
1674 1936 1884 1983 Andeca-

464 2018 620 2064 vensis
636 2017 769 2078 civiS‚
787 2017 881 2064 vici
901 2018 1058 2066 incola
1074 2017 1345 2065 Croviensis
1357 2019 1388 2077 ³,
1407 2025 1651 2063 contracta
1666 2031 1721 2062 ac
1741 2030 1881 2068 caeca,

466 2094 515 2141 in
538 2094 630 2141 hac
652 2093 899 2142 festivitate
920 2094 1117 2154 directa,
1144 2094 1503 2158 illuminataque
1534 2092 1762 2139 discessit.
1793 2090 1885 2137 Sed

468 2180 514 2218 et
537 2170 906 2229 Charimundus,
933 2189 990 2219 ex
1015 2171 1288 2219 Bricilonno
1311 2172 1325 2195 ⁴
1345 2169 1516 2218 debilis
1539 2169 1735 2217 veniens
1751 2207 1763 2229 ,
1793 2169 1887 2214 vir-

468 2257 567 2295 tute
588 2247 716 2295 beati
739 2247 958 2296 antistitis
981 2248 1328 2312 redintegratus
1349 2257 1439 2295 est.

474 2371 578 2381 ———

524 2436 576 2487 (1)
600 2440 706 2489 Gat.‚
726 2440 926 2478 Sillimius.
948 2439 1069 2488 Clar.,
1089 2440 1296 2480 Hicluvius.
1316 2438 1433 2487 Editi,
1453 2440 1704 2478 Simillc'mius.
1728 2441 1807 2487 (R.)

523 2502 578 2550 (2)
601 2503 876 2553 Ermengundt‘s
895 2503 1015 2550 5326,
1035 2503 1156 2546 5329.
1173 2503 1271 2541 Cott.

523 2565 579 2611 (3)
596 2563 728 2615 Bign.,
745 2565 977 2603 Eroniensis.
995 2563 1087 2610 Alii,
1104 2565 1331 2603 Cmniensis.
1346 2562 1443 2602 Vide
1453 2576 1572 2615 supra
1589 2576 1677 2615 cap.
1698 2576 1794 2600 xvu.
1807 2564 1888 2610 (R.)

526 2626 582 2676 (4)
604 2626 718 2665 Varie
740 2626 780 2665 in
798 2626 915 2665 variis
942 2625 1055 2664 codd.
1080 2626 1271 2665 scribitur.
1292 2626 1355 2666 Sic
1373 2626 1495 2665 Laud.
1522 2635 1561 2664 et
1579 2625 1712 2671 Colb.;
1736 2634 1774 2664 at
1793 2625 1888 2665 Bell.

473 2697 511 2726 et
529 2686 915 2738 Clar.‚'Bric1·l10nno.
941 2689 1036 2727 Vict.
1052 2718 1062 2736 ,
1083 2693 1335 2728 Briciolonno.
1359 2691 1446 2730 Gat.
1461 2719 1470 2735 ,
1498 2691 1737 2727 Bricilomno.
1769 2690 1807 2728 S.
1829 2690 1889 2736 Β.,

474 2751 727 2790 Briscicormo.
753 2751 926 2802 Denique
950 2751 1062 2799 Edsti,
1083 2755 1334 2801 Brtsctllamo,
1355 2752 1415 2791 vel
1436 2754 1681 2791 Briscillami.
1706 2753 1785 2800 (R.)
