2028 3458
383 324 431 361 88
605 324 670 359 DE
702 322 991 359 VIRTUTIBUS
1024 321 1198 359 SANCTI
1226 322 1452 360 MARTINI.
1473 344 1527 352 —
1545 326 1577 361 1.

380 410 513 473 quod
559 410 760 456 fideliter
794 408 1040 474 poscendo
1088 409 1212 455 clam
1258 411 1451 473 quaesita
1503 412 1679 460 sanitas
1732 423 1802 460 est

380 487 583 553 adepta!
615 487 759 544 Quod
791 487 829 533 si
852 486 977 544 haec,
1022 496 1075 533 ut
1114 486 1350 547 diximus,
1388 500 1562 538 cuncta
1586 490 1802 556 publica-

382 574 546 611 rentur
564 600 575 620 ,
618 580 716 610 non
742 564 898 610 solum
923 562 1097 622 libros,
1125 564 1209 611 sed
1239 582 1329 613 nec
1359 567 1516 631 ipsum
1541 568 1797 627 mundum,

380 651 431 688 ut
452 641 516 687 ait
535 639 820 702 evangelista
840 640 901 687 de
924 640 1138 687 Domino
1156 677 1169 700 ,
1208 641 1416 690 arbitror
1446 646 1658 710 potuisse
1682 647 1802 693 reci-

376 720 511 783 pere¹
536 715 545 763 !

966 877 1125 913 CAPUT
1148 877 1227 915 XL.

871 972 923 1007 De
939 972 1072 1008 Securo
1088 982 1286 1010 contracto.

439 1073 496 1117 Et
530 1070 763 1135 quoniam
793 1087 954 1118 sermo
990 1071 1252 1120 clausulam
1284 1074 1428 1138 petit,
1473 1091 1623 1133 unum
1663 1074 1801 1148 v'obis

372 1148 532 1197 adhuc
564 1149 846 1214 praeclarum
871 1149 1173 1213 miraculum,
1197 1152 1479 1217 priusquam
1505 1152 1626 1200 liber
1652 1152 1798 1200 finem

375 1224 601 1289 accipiat,
653 1224 907 1272 enarrabo.
972 1225 1260 1274 Adolescens
1323 1226 1520 1292 quidam
1538 1264 1550 1288 ,
1601 1229 1800 1275 nomine

373 1304 599 1363 Securus,
635 1319 692 1349 ex
719 1312 857 1349 utero
884 1304 1048 1351 matris
1078 1305 1351 1368 egredienS,
1378 1322 1578 1352 manum
1617 1306 1800 1353 aridam

373 1379 643 1446 pedemque
678 1380 967 1445 protulerat,
1011 1392 1059 1429 et
1101 1383 1163 1430 ita
1212 1384 1431 1431 omnium
1469 1384 1800 1431 membrorum

375 1459 545 1505 siccata
591 1474 824 1524 compage
867 1458 1152 1524 diriguerat,
1206 1472 1258 1508 ut
1294 1472 1564 1509 monstrum
1602 1462 1800 1527 aliquod

372 1537 615 1584 simularet
642 1555 652 1583 ε
682 1546 782 1584 erat
831 1548 991 1585 autem
1030 1549 1076 1586 et
1116 1539 1234 1603 jugo
1285 1541 1524 1587 servitutis
1577 1541 1795 1587 innexus.

376 1617 531 1672 Quem
553 1631 666 1661 cum
686 1614 1104 1662 viderentdomini
1129 1620 1201 1664 sui
1213 1617 1313 1681 jam
1333 1635 1419 1683 per
1442 1628 1624 1683 septem
1646 1635 1800 1665 annos

376 1691 493 1738 nihil
528 1692 729 1739 omnino
764 1709 905 1758 posse
936 1693 1196 1758 proficere,
1237 1695 1459 1743 manibus
1491 1696 1800 1761 deportantes

376 1781 636 1836 posuerunt
659 1789 770 1819 eum
795 1782 905 1821 ante
928 1772 1125 1820 beatum
1149 1774 1440 1840 sepulcrum,
1465 1785 1517 1823 ut
1539 1775 1613 1823 vel
1634 1792 1662 1823 a
1681 1792 1800 1840 prae-

377 1850 673 1897 tereuntibus
701 1861 999 1915 pasceretur,
1033 1852 1117 1915 qui
1156 1851 1321 1899 labore
1354 1853 1553 1918 proprio
1592 1853 1653 1900 ali
1699 1869 1797 1898 non

379 1937 582 1991 poterat.
621 1931 814 1976 Jacente
844 1939 1006 1977 autem
1038 1946 1097 1977 eo
1138 1931 1187 1977 in
1225 1931 1335 1978 loco
1372 1931 1454 1977 illo
1492 1948 1578 1996 per
1624 1930 1800 1977 multos

376 2005 504 2065 dies,
531 2005 737 2053 directus
757 2016 828 2054 est
846 2024 930 2072 pes
953 2008 1053 2071 ejus
1075 2008 1158 2072 qui
1181 2007 1332 2056 fuerat
1369 2008 1540 2056 debilis
1556 2046 1568 2067 ‚
1606 2025 1799 2055 manus-

380 2100 472 2146 que
497 2083 595 2146 ejus
618 2085 739 2131 sicca
756 2122 767 2142 ‚
788 2085 973 2132 infectis
995 2088 1226 2149 sanguine
1245 2087 1398 2147 venis,
1424 2096 1589 2133 sanata
1620 2095 1688 2133 est
1715 2104 1725 2131 ε
1754 2095 1800 2132 et

378 2160 441 2206 ita
476 2161 609 2207 omni
648 2178 878 2227 corpore,
928 2173 1125 2229 accepta
1167 2163 1296 2211 beati
1344 2164 1633 2211 confessoris
1670 2181 1796 2228 ope,

382 2237 611 2285 formatus
639 2249 725 2299 est,
753 2250 805 2287 ut
827 2250 1020 2305 putares
1045 2258 1157 2288 eum
1187 2241 1351 2289 denuo
1384 2242 1526 2289 fuisse
1558 2251 1797 2289 renatum.

382 2316 475 2372 Qui
491 2316 718 2380 puerulus
742 2334 769 2365 a
792 2318 978 2366 Justino
992 2320 1170 2367 cOmite
1192 2319 1484 2385 redemptus,
1500 2329 1546 2367 et
1565 2320 1801 2384 ingenuus

380 2392 601 2441 dimissus
626 2405 696 2442 est
715 2414 724 2442 :
746 2406 792 2443 et
814 2406 981 2461 postea
1002 2397 1297 2462 baptismum
1321 2407 1624 2454 consecutus,
1649 2414 1801 2461 usque

380 2469 525 2518 hodie
551 2472 639 2519 sub
662 2475 931 2537 patrocinio
957 2485 1129 2522 sanctae
1154 2475 1364 2523 ecclesiae
1387 2476 1592 2541 persistit
1614 2475 1799 2523 incolu-

383 2551 490 2596 mis.
527 2553 645 2609 Quis
675 2570 890 2617 unquam
925 2557 1014 2603 ista
1045 2556 1111 2602 sic
1139 2573 1196 2604 ex
1235 2556 1406 2603 ordine
1448 2557 1687 2621 inquirere
1719 2565 1800 2604 aut

381 2629 555 2675 referre
585 2633 775 2694 poterit,
807 2643 860 2679 ut
895 2650 949 2681 ex
976 2650 1113 2698 aequo
1142 2634 1339 2682 laudare
1366 2634 1601 2683 sufficiat?
1623 2638 1798 2682 Tamen

440 2836 494 2882 (1)
518 2837 628 2874 Joan.
650 2849 733 2884 xxi,
757 2840 821 2876 35.
