2028 3458
418 253 494 289 390
783 252 848 287 DE
876 250 1063 288 GLORIA
1095 249 1465 302 CONFESSORUM

961 409 1116 444 CAPUT
1141 408 1283 444 XXIII.

937 510 990 543 De
1005 509 1027 543 J
1029 521 1145 543 oanne
1160 508 1309 544 recluso.

482 633 745 698 Requiescit
798 633 929 680 haud
981 632 1148 698 procul
1203 631 1265 679 ab
1316 631 1409 679 hac
1458 631 1651 680 basilica
1693 635 1835 680 Joan-

412 727 496 757 nes
539 710 732 775 quidam
777 709 1069 776 presbyter¹,
1107 709 1302 757 natione
1342 708 1521 766 Bruto,
1567 709 1615 755 in
1649 725 1835 759 summa

412 788 640 852 religione
675 788 878 852 degens,
919 805 1004 854 per
1038 787 1174 852 cujus
1211 803 1383 835 manus
1418 786 1656 833 Dominus
1687 788 1837 836 multa

411 867 545 928 signa
566 866 820 913 sanitatum
839 866 1060 930 dignatus
1085 875 1156 912 est
1179 864 1367 930 operari
1389 882 1401 909 ε
1429 864 1511 928 qui
1532 863 1596 910 ob
1619 880 1835 911 amorem

412 944 629 990 divinum
655 943 717 991 ab
742 944 1011 1010 aspectibus
1034 961 1084 991 se
1102 943 1359 990 hominum
1379 941 1627 1000 cohibens,
1655 958 1836 1006 parvu-

411 1021 505 1069 lam
534 1022 728 1068 oratorii
752 1022 972 1070 cellulam
994 1021 1204 1070 habebat
1225 1020 1335 1068 ante
1352 1020 1505 1086 ipsam
1524 1020 1836 1068 Cainonensis

412 1099 504 1146 vici
527 1099 789 1146 ecclesiam.
814 1099 978 1165 Ibique
1002 1101 1049 1147 in
1071 1099 1366 1158 viridariolo,
1393 1098 1527 1163 quod
1555 1114 1700 1146 manu
1721 1115 1836 1163 pro-

413 1177 516 1242 pria
539 1177 802 1237 excolebat,
828 1179 989 1226 lauros
1013 1178 1209 1226 arbores
1239 1178 1552 1242 plantaverat,
1579 1193 1685 1241 quae
1707 1193 1838 1223 nunc

413 1255 554 1302 vastis
587 1255 924 1303 columnarum
954 1256 1200 1303 fomitibus
1238 1255 1561 1318 jucundarum
1593 1254 1836 1302 frondium

414 1332 686 1380 amoenitate
727 1333 1016 1391 tenduntur-3
1066 1333 1153 1380 sub
1197 1349 1400 1398 quarum
1441 1332 1724 1380 umbraculo
1766 1333 1837 1378 vir

413 1418 602 1456 sanctus
622 1409 893 1470 considens,
921 1420 1002 1457 aut
1024 1410 1208 1473 legebat
1228 1409 1434 1474 aliquid,
1466 1419 1548 1457 aut
1578 1408 1832 1457 scribebat.

414 1486 560 1550 Cujus
582 1497 692 1552 post
721 1487 908 1534 obitum
929 1504 1041 1534 cum
1064 1486 1260 1534 arbores
1284 1488 1390 1546 illae,
1413 1496 1466 1533 ut
1489 1486 1715 1543 diximus,
1742 1501 1837 1550 pa—

413 1564 521 1611 tulis
545 1564 726 1612 diffusae
755 1565 898 1612 ramis
924 1564 1272 1612 obumbrarent
1297 1565 1460 1612 locum
1483 1563 1714 1622 viridarii,
1740 1579 1838 1610 una

414 1658 471 1688 ex
507 1641 580 1688 his
608 1652 840 1691 vetustate
871 1659 1119 1690 senescens
1152 1643 1352 1690 exaruit.
1386 1645 1518 1689 Tunc
1549 1651 1708 1688 custos
1744 1640 1838 1688 loci

413 1719 584 1766 effossa
607 1736 718 1766 cum
737 1720 977 1768 radicibus
996 1721 1240 1775 columna,
1257 1720 1415 1767 incisis
1433 1720 1560 1785 ipsis,
1573 1735 1683 1766 cum
1694 1719 1838 1765 ramis

413 1803 508 1849 suis
527 1819 778 1851 scamnum
802 1804 1018 1870 adaptat,
1045 1805 1096 1851 in
1120 1821 1218 1869 quo
1242 1803 1483 1851 interdum
1505 1812 1589 1851 aut
1610 1802 1837 1849 resideret

414 1880 587 1941 lassuS,
623 1892 705 1929 aut
736 1883 918 1948 aliquid
951 1899 1116 1930 secure
1144 1882 1410 1944 decideret,
1447 1898 1558 1929 cum
1586 1881 1838 1928 necessitas

413 1959 656 2022 exegisset.
685 1961 829 2018 Quod
854 1978 965 2008 cum
986 1978 1072 2028 per
1090 1961 1213 2008 duos
1231 1977 1386 2008 anuos
1407 1970 1488 2008 aut
1511 1960 1608 2007 fere
1633 1958 1838 2024 amplius

414 2052 664 2084 scamnum
699 2038 748 2084 in
782 2039 875 2086 hoc
911 2056 1003 2086 usu
1036 2038 1308 2100 habuisset,
1344 2047 1525 2097 tactuS,
1568 2046 1618 2083 ut
1659 2035 1832 2096 credo,

412 2113 725 2178 inspiratione
758 2116 948 2175 divina,
987 2116 1155 2164 dolore
1189 2116 1371 2175 cordis,
1409 2115 1511 2163 ait:
1549 2135 1571 2157 c<
1611 2116 1691 2161 Vae
1717 2113 1836 2160 mihi

415 2191 529 2254 quia
553 2194 763 2257 peccavi,
791 2204 843 2241 ut
864 2194 1088 2242 arborem
1112 2210 1259 2258 quam
1276 2193 1380 2241 talis
1398 2191 1620 2240 sacerdos
1642 2192 1834 2257 propria

416 2285 561 2316 manu
597 2271 848 2335 plautavit,
893 2290 981 2337 ego
1016 2272 1078 2320 ad
1113 2272 1319 2320 diversas
1360 2271 1695 2318 necessitatum
1729 2280 1836 2316 utar

413 2347 665 2395 sessiones.
699 2367 721 2392 »
748 2352 806 2395 Et
834 2350 933 2398 haec
965 2351 1144 2407 dicens,
1181 2360 1378 2415 accepto
1413 2349 1628 2409 sarculo,
1663 2347 1836 2404 effossa

461 2519 516 2566 (1)
537 2521 704 2556 Joannes
728 2519 932 2556 Reclaasas
949 2518 1164 2571 appellatur
1182 2518 1222 2556 in
1246 2518 1330 2556 Vita
1349 2525 1487 2556 sanctae
1499 2514 1747 2569 Radegundis
1765 2528 1836 2567 per

407 2579 708 2631 Baudoniviam,
733 2579 800 2619 ubi
828 2580 977 2619 beatam
1004 2581 1177 2632 reginam
1202 2581 1242 2619 in
1271 2594 1340 2619 suo
1365 2580 1562 2633 proposito
1588 2579 1834 2617 confirmasse

407 2642 561 2681 dicitur.
584 2646 714 2698 Exstat
735 2643 927 2695 hodieque
946 2643 1017 2682 sub
1046 2643 1155 2682 titulo
1185 2652 1322 2682 sanctae
1344 2641 1592 2695 Radegundis
1622 2641 1831 2680 oratorium

407 2706 480 2744 hoc
498 2706 538 2745 in
552 2707 677 2759 capite
701 2715 977 2754 memoratum,
1001 2707 1042 2745 in
1063 2720 1140 2758 quo
1161 2707 1297 2745 visitur
1316 2709 1360 2746 Β.
1380 2706 1538 2744 Joannis
1560 2704 1743 2749 tumulus,
1765 2702 1832 2741 sed

404 2769 576 2820 reliquiis
597 2783 762 2819 vacuus»,
784 2783 880 2822 quas
903 2770 1116 2810 Calviniani
1145 2783 1208 2810 an.
1239 2773 1341 2808 1563
1367 2768 1674 2807 combusserunt.
1698 2769 1776 2816 (R).
