2028 3458
478 298 527 334 52
695 297 762 333 DE
792 293 1085 331 VIRTUTIBUS
1119 291 1293 329 SANCTI
1324 292 1672 329 MART1N1.—1.

1024 431 1183 467 CAPUT
1207 431 1351 467 XVIII.

952 528 1005 562 De
1020 526 1232 563 Siroialense
1246 527 1417 563 oratorio.

536 629 613 676 Sic
635 637 680 675 et
703 624 833 691 apud
855 624 1163 672 Siroialense¹
1200 625 1485 685 oratorium,
1513 624 1650 687 cujus
1672 623 1893 671 altarium

471 705 620 753 sancti
638 702 922 750 confessoris
946 717 1119 749 manus
1141 701 1267 748 alma
1289 701 1509 760 sacravit,
1536 700 1655 748 dum
1679 699 1894 765 plerique

467 780 700 830 beneficia
714 779 923 845 expetita
947 789 1263 837 mererentur,
1288 778 1486 844 quidam
1506 778 1790 843 paralyticus
1810 778 1895 826 ad-

467 860 677 920 veniens,
694 868 742 905 et
765 873 959 906 cereum
974 858 1025 904 in
1045 866 1191 904 status
1214 858 1288 904 sui
1311 856 1614 904 altitudinem
1637 866 1780 904 nocte
1794 866 1894 904 tota

465 937 663 1000 vigilans
696 935 986 996 retinuisset,
1025 950 1177 982 mane.
1204 935 1349 993 facto,
1388 943 1443 981 ut
1480 933 1562 982 lux
1596 933 1785 981 reddita
1821 945 1893 981 est

464 1014 667 1075 mundo,
694 1014 795 1078 ipse
831 1012 1061 1061 absolutis
1095 1012 1352 1077 gressibus,
1378 1010 1562 1078 populo
1590 1020 1729 1073 teste,
1757 1012 1892 1059 inco-

462 1091 605 1140 lumis
626 1091 829 1140 exsilivit

1034 1200 1192 1236 CAPUT
1218 1201 1306 1236 XIX

1032 1297 1084 1331 De
1101 1297 1197 1333 Bella
1214 1310 1303 1332 caeca
1311 1322 1319 1331 .

527 1396 622 1440 Nec
653 1391 748 1439 hoc
770 1391 941 1453 silebo,
970 1392 1089 1457 quid
1112 1393 1309 1446 caecitati
1330 1390 1604 1451 contulerit,
1632 1407 1742 1438 cum
1763 1389 1892 1437 beati

459 1470 732 1537 sepulcrum
753 1470 927 1518 devota
947 1471 1120 1518 mulier
1142 1471 1412 1536 expetisset.
1442 1468 1674 1527 Quaedam
1706 1468 1768 1516 de
1792 1471 1892 1515 Tu-

458 1549 626 1596 ronico
653 1549 893 1596 territorIO
931 1548 1126 1609 femina,
1165 1550 1293 1596 Bella
1325 1548 1542 1609 nomine,
1571 1548 1745 1595 amisso
1780 1564 1895 1594 ocu-

455 1627 617 1675 lorum
637 1626 817 1674 lumine
830 1627 1035 1690 graviter
1055 1626 1323 1675 laborabat.
1342 1629 1401 1673 Et
1420 1642 1531 1673 cum
1546 1625 1624 1672 die
1647 1634 1893 1688 noctuque

459 1704 820 1752 incessabilibus
844 1705 1095 1752 doloribus
1119 1715 1389 1769 urgeretur,
1416 1704 1534 1750 dicit
1555 1704 1679 1750 suis:
1712 1723 1734 1746 c<
1762 1703 1810 1748 Si
1828 1702 1888 1750 ad

458 1783 704 1832 basilicam
727 1784 898 1832 domni
920 1785 1111 1832 Martini
1132 1784 1278 1832 ducta
1304 1783 1516 1840 fuissem,
1543 1782 1777 1830 continuo
1808 1799 1892 1829 sa—

459 1861 657 1908 nitatem
682 1862 985 1926 recepissem.
1012 1860 1220 1908 Confido
1240 1861 1420 1908 etenim
1443 1859 1575 1923 quod
1597 1858 1748 1924 possit
1774 1875 1890 1905 ocu-

458 1938 515 1986 lis
538 1939 655 1986 meis
678 1938 841 1986 lumen
865 1939 1138 1999 infundere,
1170 1940 1254 2004 qui
1279 1939 1436 2003 potuit
1462 1937 1685 2002 pauperis
1706 1936 1892 2002 lepram

460 2016 627 2064 osculo
660 2016 841 2064 libante
874 2034 1060 2065 sanare.
1084 2038 1108 2062 ›>
1156 2016 1359 2075 Deinde,
1394 2014 1691 2063 adminiculo
1734 2013 1889 2061 dedu-

461 2102 617 2153 cente,
641 2095 770 2141 venit
789 2094 850 2142 ad
874 2105 1094 2142 sanctum
1113 2094 1294 2153 locum,
1319 2093 1483 2159 ibique
1502 2093 1694 2157 jejuniis
1715 2102 1761 2139 et
1780 2109 1890 2139 ora-

461 2170 673 2218 tionibus
694 2172 873 2219 crebris
896 2173 1118 2220 insistens
1137 2209 1149 2231 ,
1176 2172 1332 2219 visum
1357 2188 1504 2235 quem
1526 2171 1747 2218 amiserat
1770 2170 1890 2216 reci-

460 2263 574 2312 pere
596 2249 785 2295 meruit.
806 2252 863 2295 Et
879 2249 945 2297 ita
959 2259 1126 2297 sanata
1138 2258 1226 2311 est,
1244 2258 1298 2296 ut
1319 2256 1425 2313 q'uae
1444 2264 1566 2295 caeca
1585 2257 1782 2295 venerat
1796 2248 1890 2295 alio

515 2486 572 2533 (1)
588 2484 649 2521 Sic
663 2497 771 2531 mss,
784 2493 923 2536 praeter
941 2485 1070 2532 Colb.,
1091 2484 1157 2536 qui
1171 2483 1287 2522 habet
1304 2486 1554 2530 Sirmalense;
1574 2486 1664 2521 Bec.
1682 2486 1735 2532 (et
1753 2485 1887 2531 Cott.)‚

461 2553 742 2597 Sit-malensIm3
756 2550 900 2589 Victor.
910 2582 919 2599 ‚
930 2553 1164 2602 Sirogalense
1176 2563 1291 2601 quam
1306 2550 1507 2588 lectionem
1523 2549 1637 2587 etiam
1651 2548 1748 2587 Bell.
1758 2579 1765 2595 ‚
1776 2548 1885 2587 Colb.

462 2629 484 2653 a
497 2624 535 2653 et
549 2614 659 2654 Colb.
675 2623 745 2654 tut.
764 2615 906 2654 habent
920 2617 958 2654 in
978 2617 1104 2655 indice
1115 2616 1285 2668 capitum
1299 2615 1398 2654 libro
1409 2616 1584 2667 praefixo,
1599 2614 1667 2653 ubi
1684 2615 1770 2654 Gat.
1788 2618 1889 2654 Siro-

461 2683 615 2718 halensi
625 2695 640 2726 ;
666 2683 780 2719 Mart.
802 2684 1042 2730 Sirojarensi.
1063 2682 1162 2720 Editi
1187 2695 1282 2720 vero
1298 2681 1360 2719 hic
1377 2680 1630 2730 Sirojabense.
1646 2683 1734 2728 (R.)
1749 2703 1802 2709 —
1820 2683 1885 2719 Se·-

459 2748 690 2796 roialensim,
709 2748 814 2785 2204
827 2776 838 2795 ,
860 2750 963 2786 5326
979 2780 988 2797 ‚
1014 2751 1117 2787 5334
1130 2778 1140 2796 ‚
1165 2750 1269 2787 5335
1282 2777 1293 2795 ,
1313 2747 1588 2794 Siraialensim,
1605 2749 1709 2786 5359
1726 2762 1737 2794 ;
1757 2746 1883 2785 CL-F.

462 2815 696 2864 Sirogalensi
715 2821 753 2850 et
771 2814 1045 2851 Sirolalensim.
