2028 3458
455 268 532 305 274
668 267 735 301 DE
762 263 1056 301 VIRTUTIBUS
1084 262 1257 300 SANCTI
1287 226 1668 300 MAR'r1N1.-:1V.

459 364 603 402 ventu
629 352 813 400 salvari.
838 350 1138 398 Confidimus
1156 351 1284 397 enim
1305 350 1435 414 quod
1453 350 1574 396 sicut
1588 349 1667 395 hie
1685 347 1878 395 morbo-

456 452 564 480 rum
588 447 761 496 genera
782 438 1012 484 resecant,
1041 429 1103 474 ita
1126 428 1220 474 illic
1243 445 1388 474 saevas
1405 437 1758 474 tormentorum
1778 443 1878 491 poe-

457 528 542 557 nas
574 517 816 565 avertant;
848 515 896 552 et
917 506 1040 552 sicut
1064 505 1143 551 hic
1170 505 1386 568 mitigant
1413 505 1565 552 febres
1592 520 1875 569 corporeas,

458 590 517 634 ita
553 586 645 633 illic
681 584 975 647 restinguant
1010 591 1235 641 aeternas3
1272 592 1318 629 et
1348 582 1598 646 quomodo
1624 582 1703 629 hic
1725 582 1879 628 lurida

458 667 596 729 leprae
632 664 790 710 ulcera
823 661 1066 708 sordentia
1099 660 1358 722 mundant,
1383 662 1448 708 ita
1477 662 1570 708 illic
1593 661 1879 708 delictorum

457 741 667 789 maculas
690 739 916 787 mundari
945 755 1034 786 suo
1063 739 1334 786 interventu
1367 738 1642 799 obtineant3
1674 756 1730 787 ac
1759 739 1880 786 sicut

458 817 536 866 hic
555 828 859 866 mortuorum
883 815 1115 864 cadavera
1131 816 1194 863 ad
1213 816 1356 863 vitam
1373 816 1674 874 resuscitant,
1700 816 1765 862 ita
1784 816 1879 862 illic

456 905 652 961 peccato
688 894 922 959 sepultOS,
959 909 1016 940 ex
1051 892 1374 940 Acheronticis
1410 893 1586 956 stagnis
1627 909 1776 940 manu
1804 894 1879 939 in-

450 974 576 1038 jecta
613 982 774 1020 erutos
811 971 918 1017 vitae
951 980 1137 1018 aeternae
1173 971 1442 1019 restituant.
1487 971 1726 1029 Quocirca
1761 971 1880 1018 dum

454 1049 783 1114 unusquisque
798 1046 1061 1095 laetificatur
1076 1047 1125 1093 in
1144 1047 1320 1110 gaudio
1336 1049 1535 1113 proprio
1549 1047 1638 1095 sub
1651 1058 1876 1113 patrono,

454 1137 570 1174 tunc
588 1125 850 1191 impensius
872 1124 1113 1171 honorem
1136 1124 1294 1171 reddit
1317 1125 1551 1185 debitum,
1570 1142 1682 1173 cum
1703 1141 1752 1172 se
1775 1141 1881 1171 sen-

453 1204 565 1251 serit
587 1203 648 1250 ab
671 1202 944 1250 infirmitate
967 1218 1065 1266 qua
1089 1201 1394 1249 detinebatur
1418 1207 1520 1267 eJus
1541 1203 1716 1249 virtute
1738 1219 1879 1249 mun-

454 1281 654 1328 datum:
688 1281 809 1327 sicut
840 1296 971 1326 nunc
1008 1278 1069 1326 de
1105 1278 1250 1326 beato
1285 1296 1341 1327 ac
1375 1289 1479 1326 toto
1514 1279 1621 1326 orbi
1651 1279 1879 1344 peculiari

455 1369 664 1425 patrono
697 1359 904 1406 Martino
928 1357 1136 1405 antistite
1168 1368 1215 1405 et
1246 1374 1337 1405 nos
1364 1368 1413 1405 et
1444 1359 1686 1406 innumeri
1710 1358 1878 1423 populi

455 1447 566 1484 sunt
589 1437 796 1503 experti3
819 1445 863 1482 et
890 1436 1076 1481 utinam
1094 1435 1283 1499 ignavia
1302 1436 1476 1483 mentis
1498 1446 1672 1483 nostrae
1687 1437 1881 1501 permit-

458 1516 575 1561 teret
607 1530 720 1561 eum
752 1514 820 1560 sic
858 1512 1093 1574 venerari,
1118 1513 1241 1559 sicut
1269 1512 1408 1560 decet
1431 1514 1638 1560 amicum
1662 1514 1768 1574 Dei,
1795 1515 1879 1577 qui

457 1595 598 1642 tantis
620 1610 710 1641 nos
732 1592 1017 1640 morborum
1041 1609 1297 1658 oppressos
1322 1593 1575 1657 generibus
1596 1593 1880 1659 plerumque

455 1672 659 1720 restituit
682 1671 889 1719 sanitati.

975 1795 1133 1830 CAPUT
1157 1795 1363 1832 PRIMUM.

946 1879 998 1913 De
1019 1878 1144 1913 dolore
1159 1879 1290 1914 ventris
1306 1879 1388 1914 mei.

523 1975 810 2040 Nuperrimo
827 1984 987 2022 autem
1006 1985 1224 2040 tempore
1243 1976 1419 2022 ventris
1439 1974 1658 2021 dolorem
1678 1975 1873 2021 incurri.

456 2055 515 2097 Et
545 2052 654 2099 licet
684 2068 784 2098 non
817 2068 1163 2116 usquequaque
1194 2052 1339 2099 dabat
1373 2052 1688 2113 solutionem,
1714 2062 1875 2098 tamen

457 2129 638 2177 doloris
667 2130 847 2177 malum
876 2131 926 2177 in
952 2130 1043 2177 illis
1066 2130 1652 2177 intraneorumssexuosis
1686 2131 1879 2177 recessi-

456 2207 546 2254 bus
564 2207 841 2271 vagabatur.
870 2208 1095 2268 Adhibui,
1120 2208 1287 2269 fateor,
1311 2208 1479 2273 saepius
1501 2207 1714 2268 balneas,
1734 2217 1878 2271 atque

456 2302 531 2331 res
552 2285 730 2332 calidas
752 2303 895 2350 super
927 2286 1052 2350 ipsas
1081 2285 1175 2332 alvi
1208 2294 1413 2332 torturas
1447 2285 1580 2349 ligari
1612 2284 1844 2332 faciebam
1862 2323 1874 2346 ,

454 2363 540 2409 sed
577 2363 696 2409 nihil
735 2363 916 2409 mederi
952 2372 1175 2428 poterant
1208 2361 1489 2408 infirmitati.
1531 2363 1671 2408 Sexta
1702 2362 1877 2408 etenim

457 2439 558 2486 dies
584 2440 816 2498 illuxerat,
846 2440 978 2504 quod
1015 2441 1162 2504 magis
1192 2457 1248 2487 ac
1274 2442 1423 2504 magis
1446 2440 1588 2487 dolor
1618 2440 1877 2488 invalesce—

455 2517 554 2580 bat,
576 2534 687 2564 cum
704 2517 821 2564 mihi
841 2518 973 2565 venit
990 2518 1037 2564 in
1056 2519 1355 2577 memoriam,
1380 2528 1489 2565 ante
1506 2534 1685 2583 paucos
1704 2533 1873 2576 annos,

457 2596 580 2642 sicut
601 2595 648 2642 in
674 2595 798 2643 libro
823 2595 1036 2642 secundo
1060 2596 1185 2660 (cap.
1215 2597 1253 2658 1)
1275 2596 1416 2660 hujus
1431 2598 1588 2662 operis
1605 2596 1879 2643 continetur

460 2673 709 2737 scriptum,
736 2689 813 2719 me
835 2672 1008 2720 abhoc
1031 2673 1199 2720 dolore
1221 2675 1368 2721 sancti
1392 2675 1565 2721 virtute
1581 2674 1720 2721 fuisse
1739 2690 1876 2721 sana-

461 2759 580 2797 tum.
610 2749 792 2797 Accessi
818 2751 1094 2799 temerarius
1121 2751 1181 2799 ad
1208 2751 1365 2798 locum
1392 2752 1613 2816 sepulcri,
1637 2751 1875 2816 projectus
