2028 3458
471 246 548 283 370
879 242 946 277 DE
974 240 1165 278 GLORIA
1193 238 1564 277 CONFESSORUM.

468 333 567 379 haec
588 327 808 377 incendia
825 343 962 374 saeva.
979 347 1001 370 »
1026 329 1083 373 Et
1101 326 1310 374 ablatum
1329 325 1389 373 ab
1407 326 1514 389 igne
1530 324 1762 372 annulum
1778 324 1884 371 diu-

468 409 644 456 tissime
663 406 822 472 palma
844 405 1079 466 sustinuit,
1100 415 1145 452 et
1165 404 1282 451 nihil
1299 414 1367 451 est
1384 405 1572 451 nocitus
1596 421 1605 449 ε
1631 403 1711 450 sed
1737 403 1885 466 magis

466 485 665 532 confuso
686 484 926 542 haeretico,
950 482 1212 530 catholicos
1233 481 1440 545 reliquos
1461 481 1646 529 fervore
1662 497 1756 528 suae
1776 479 1885 527 fidei

467 561 728 609 roboravit.
754 564 989 608 Hactenus
1012 559 1143 607 hinc,

1069 696 1229 731 CAPUT
1252 695 1335 732 XV.

974 776 1027 810 De
1041 775 1221 810 venantio
1238 774 1378 810 abbate.

531 859 668 908 Haud
699 859 867 926 procul
894 875 1010 907 vero
1042 875 1071 906 a
1104 858 1299 906 basilica
1322 856 1449 904 beati
1470 856 1675 915 Martini,
1700 858 1889 904 Venan-

464 940 556 986 tius
595 938 742 986 abbas
774 937 1044 1003 requiescit,
1084 937 1157 983 vir
1194 934 1457 1000 magnificae
1494 935 1767 994 sanctitatis,
1806 935 1889 999 qui

462 1016 621 1063 multis
648 1016 849 1063 infirmis
869 1017 918 1062 in
942 1031 1144 1081 corpore
1173 1015 1359 1080 positus
1382 1030 1525 1078 opem
1549 1013 1888 1061 accommoda-

462 1095 530 1142 vit
554 1111 564 1139 :
594 1094 677 1158 qui
694 1093 891 1157 impleto
920 1102 1135 1157 tempore
1159 1109 1188 1140 a
1210 1091 1381 1139 saeculo
1402 1091 1624 1155 migrans,
1645 1091 1818 1155 jugiter
1840 1108 1889 1137 se

462 1173 512 1219 in
534 1181 765 1219 aeternum
783 1172 941 1219 vivere
962 1169 1216 1218 virtutibus
1237 1169 1443 1235 propriis
1463 1169 1747 1216 manifestat.
1771 1171 1888 1215 Nam

462 1256 502 1303 si
523 1256 627 1320 quis
649 1265 788 1320 typos
812 1255 1097 1318 frigoriticos
1123 1255 1371 1301 incurrens
1396 1262 1536 1299 nocte
1564 1269 1655 1299 una
1693 1254 1752 1299 ad
1790 1253 1890 1316 ejus

463 1333 700 1381 tumulum
731 1333 993 1397 deprecans
1024 1332 1303 1395 vigilaverit,
1344 1347 1474 1391 mox,
1507 1347 1782 1395 compresso
1817 1348 1889 1376 ac·

462 1429 624 1470 cessu,
652 1411 932 1476 adipiscitur
956 1410 1259 1456 medicinam,
1289 1412 1409 1455 Nam
1434 1409 1558 1454 inter
1580 1408 1760 1471 reliqua
1786 1425 1888 1471 quae

459 1490 639 1538 ibidem
677 1498 805 1552 gesta
839 1488 915 1534 vel
948 1487 1172 1548 vidimuS,
1211 1486 1284 1534 vel
1323 1485 1612 1545 audivimus,
1641 1487 1888 1532 mulierem
1921 1514 1929 1521 ·

459 1568 718 1633 quamdam
737 1584 764 1615 a
780 1576 1015 1631 quartano
1036 1576 1147 1630 typo
1164 1575 1453 1629 correptam,
1477 1573 1690 1611 sanatam
1710 1564 1890 1628 aspexi-

460 1663 584 1694 mus.
605 1648 721 1703 Quae
742 1644 972 1691 diuturno
995 1653 1214 1707 tempore
1233 1642 1294 1690 ab
1317 1643 1409 1690 hoc
1433 1642 1623 1690 detenta
1645 1643 1885 1705 contagio,

464 1740 620 1789 neque
645 1722 826 1783 cibum,
855 1737 1010 1785 neque
1039 1737 1263 1767 somnum
1286 1736 1457 1786 capere
1481 1729 1695 1786 poterat,
1722 1720 1805 1767 sed
1827 1722 1889 1766 ita

466 1802 600 1850 omni
631 1816 834 1865 corpore
866 1798 1125 1857 deciderat,
1151 1808 1204 1845 ut
1234 1799 1310 1844 vix
1334 1799 1381 1845 in
1412 1815 1466 1845 ea
1496 1799 1570 1845 vel
1602 1798 1717 1845 illud
1750 1798 1890 1845 vitale

466 1879 754 1945 spiraculum
778 1886 1062 1924 remaneret.
1094 1876 1163 1923 Ad
1199 1876 1340 1940 hujus
1363 1876 1635 1941 sepulcrum
1665 1877 1712 1923 in
1738 1878 1890 1940 gemi-

466 1958 593 2005 tibus
609 1967 655 2005 et
675 1957 889 2004 oratione
912 1964 1215 2020 pernoctans,
1239 1972 1389 2019 usque
1409 1956 1471 2002 ad
1489 1956 1607 2003 lucis
1629 1956 1888 2002 adventum

466 2035 742 2101 perduravit
766 2033 1049 2090 immobilis;
1079 2049 1217 2079 mane
1239 2049 1354 2079 vero
1374 2033 1537 2098 sopori
1559 2049 1607 2079 se
1627 2032 1885 2093 collocans,

467 2129 578 2159 cum
602 2111 925 2177 expergeFacta
954 2110 1131 2168 fuisset,
1162 2109 1281 2156 nihil
1312 2109 1425 2157 mali
1458 2110 1693 2168 sentienS,
1725 2120 1889 2157 sanata

465 2189 693 2237 discessit.
725 2189 873 2252 Hujus
894 2198 1055 2236 autem
1078 2188 1227 2235 sancti
1249 2188 1393 2234 vitam
1417 2204 1506 2234 nos
1527 2188 1818 2253 scripsimus.

1031 2323 1185 2359 CAPUT
1211 2324 1312 2358 XVI.

1003 2399 1055 2433 De
1070 2407 1189 2434 sancta
1206 2398 1350 2445 Papula.

534 2491 639 2538 Fuit
676 2498 723 2536 et
755 2488 892 2536 beata
928 2488 1104 2554 Papula
1128 2492 1139 2513 ¹
1179 2488 1316 2535 valde
1355 2488 1596 2552 religiosa,
1637 2505 1741 2552 quae
1776 2506 1887 2536 cum

467 2570 636 2635 saepius
658 2585 687 2615 a
709 2566 983 2634 parentibus
1011 2567 1242 2630 flagitaret
1272 2584 1321 2614 se
1347 2567 1395 2613 in
1430 2568 1719 2614 monasterio
1742 2568 1887 2615 locari

520 2702 575 2749 (¹)
595 2691 696 2739 Clar.
718 2712 755 2738 a.
788 2711 876 2736 cum
902 2697 1022 2744 Edit„
1053 2699 1255 2747 Pappula5
1284 2697 1364 2744 alii,
1391 2699 1581 2747 Pappola,
1611 2699 1693 2746 (R.)
1710 2720 1761 2726 —-
1782 2699 1885 2736 2204

469 2759 641 2809 Pappota
657 2767 696 2797 et
713 2760 904 2808 Pappula.
1132 2767 1136 2772 ‘
