2028 3458
427 284 478 320 22
640 284 704 320 DE
738 282 1032 320 VIRTU'I'IBUS
1066 281 1238 319 SANCTI
1273 280 1496 317 MARTl-Nl.
1518 281 1621 320 ——I.

425 370 686 427 dominica,
698 369 974 436 prophetica
985 368 1190 415 lectione
1203 369 1415 426 recitata,
1424 367 1524 430 jam
1536 367 1713 417 lectore
1726 379 1837 418 ante

424 447 570 495 altare
585 457 752 508 stante,
774 447 857 511 qui
880 445 1135 493 lectionem
1156 443 1282 492 beati
1307 443 1439 491 Pauli
1457 445 1707 509 proferret,
1731 445 1840 494 bea-

426 527 630 574 tissimus
648 526 839 572 antistes
866 522 1140 570 Ambrosius
1168 538 1311 586 super
1332 532 1549 570 sanctum
1576 523 1723 573 altare
1748 525 1837 573 ob-

424 603 670 651 dormiret.
711 601 853 659 Quod
896 599 1115 648 videntes
1157 599 1321 656 multi,
1365 617 1477 648 cum
1524 602 1685 650 nullus
1726 620 1835 651 eum

423 683 612 746 penitus
639 679 841 727 excitare
876 686 1198 743 praesumeret,
1234 678 1479 725 transactis
1507 678 1602 727 fere
1630 679 1832 729 duarum

423 769 505 807 aut
527 758 669 806 trium
693 757 923 804 horarum
953 756 1140 821 spatiis,
1169 756 1493 804 excitaverunt
1513 775 1642 821 eum,
1669 759 1836 808 dicen-

422 846 491 884 tes
512 855 522 883 :
554 855 576 878 <c
603 838 705 882 Jam
728 827 850 881 hora
876 834 1096 900 praeterit.
1122 833 1292 881 Jubeat
1323 833 1532 883 domnus
1554 836 1719 884 lectori
1742 837 1838 885 lec-

420 914 600 960 tionem
621 912 800 976 legere3
829 903 1070 977 exspectat
1094 912 1221 959 enim
1246 912 1457 978 populus
1472 913 1610 961 valde
1627 915 1726 978 jam
1750 914 1838 963 las-

421 1008 515 1038 sus.
545 1011 566 1034 »
586 990 899 1056 Respondens
918 999 1076 1037 autem
1096 989 1264 1038 beatus
1281 990 1558 1039 Ambrosius
1579 1011 1588 1039 ε
1620 1013 1642 1036 «
1662 992 1833 1050 Nolite,

421 1068 600 1134 inquit,
621 1067 817 1115 turbari.
854 1067 1054 1115 Multum
1092 1068 1220 1114 enim
1259 1068 1378 1116 mihi
1406 1070 1532 1118 valet
1563 1071 1630 1118 sic
1661 1070 1839 1118 obdor-

422 1147 579 1205 misse,
605 1147 683 1194 cui
703 1147 795 1194 tale
818 1145 1102 1208 miraculum
1124 1147 1361 1194 Dominus
1391 1148 1643 1197 ostendere
1671 1149 1832 1212 digna·

421 1235 498 1273 tus
517 1234 602 1272 est.
626 1227 745 1271 Nam
767 1225 991 1271 noveritis
1010 1223 1204 1272 fratrem
1221 1242 1383 1273 meum
1406 1228 1662 1274 Martinum
1687 1244 1839 1276 sacer-

421 1302 584 1350 dotem
626 1318 862 1366 egressum
902 1302 1040 1350 fuisse
1077 1302 1137 1350 de
1167 1319 1389 1368 corpore,
1430 1321 1509 1352 me
1539 1315 1699 1353 autem
1736 1306 1838 1369 ejus

421 1380 573 1427 funeri
593 1379 875 1445 obsequium
893 1380 1166 1445 praebuisse,
1193 1391 1485 1447 peractoque
1506 1400 1560 1431 ex
1582 1399 1718 1430 more
1740 1399 1837 1429 ser-

419 1459 534 1506 vitio
550 1497 561 1519 ‚
601 1458 872 1524 capitellum
915 1469 1126 1518 tantum,
1172 1459 1312 1507 vobis
1347 1460 1687 1521 excitantibus,
1735 1477 1835 1507 non

420 1536 617 1603 explevi.
651 1556 674 1580 η
709 1539 839 1583 Tunc
865 1535 931 1583 illi
959 1537 1209 1601 stupefacti
1232 1538 1503 1602 pariterque
1528 1538 1834 1595 admirantes,

420 1613 548 1662 diem
567 1623 613 1662 et
629 1623 815 1680 tempus
831 1623 1015 1674 notant,
1032 1614 1230 1662 sollicite
1247 1616 1557 1680 requirentes.
1575 1617 1670 1674 Qui
1683 1617 1836 1681 ipsam

423 1692 551 1740 diem
588 1702 872 1758 tempusque
905 1692 1129 1740 transitus
1176 1693 1327 1740 sancti
1359 1702 1663 1759 repererunt,
1704 1694 1836 1759 quod

422 1770 586 1818 beatus
611 1770 853 1818 confessor
878 1770 1060 1818 dixerat
1086 1788 1136 1818 se
1165 1771 1266 1835 ejus
1300 1772 1533 1836 exsequiis
1558 1771 1833 1820 deservisse.

423 1850 464 1895 O
486 1847 680 1895 beatum
703 1849 882 1908 virum,
921 1849 969 1895 in
1001 1849 1137 1913 cujus
1168 1850 1367 1896 transitu
1398 1860 1674 1897 sanctorum
1710 1851 1838 1898 canit

422 1943 674 1984 numerus,
721 1927 1002 1990 angelorum
1044 1927 1245 1974 exsultat
1281 1926 1479 1986 chorus,
1524 1928 1839 1993 omniumque

423 2005 684 2054 coelestium
707 2004 934 2050 virtutum
960 2005 1168 2061 occurrit
1189 2005 1422 2052 exercitus
1443 2023 1453 2051 :
1482 2005 1703 2053 diabolus
1725 2022 1839 2071 prae-

424 2084 694 2151 sumptione
728 2082 1036 2130 confunditur
1051 2121 1064 2140 ,
1103 2082 1301 2147 ecclesia
1342 2084 1515 2130 virtute
1556 2083 1833 2143 roboratur,

425 2162 691 2214 sacerdotes
723 2160 1011 2207 revelatione
1049 2158 1403 2224 glorificantur3
1446 2177 1591 2225 quem
1636 2160 1838 2209 Michael

424 2241 674 2293 assumosit
697 2255 806 2286 cum
842 2240 1046 2303 angelis,
1070 2240 1219 2288 Maria
1240 2239 1447 2305 suscepit
1467 2255 1578 2286 cum
1599 2238 1837 2303 virginum

424 2321 600 2378 choris,
623 2318 867 2384 paradisus
887 2319 1056 2365 retinet
1075 2318 1238 2365 laetum
1259 2335 1369 2365 cum
1393 2315 1584 2365 sanctis!
1605 2317 1699 2364 Sed
1721 2317 1836 2381 quid

424 2416 512 2446 nos
547 2399 594 2445 in
627 2397 818 2445 laudem
846 2398 947 2462 ejus
977 2407 1239 2458 tentamus,
1277 2396 1411 2461 quod
1444 2412 1542 2443 non
1577 2395 1839 2443 sufficimus

424 2475 684 2540 adimplere
700 2474 719 2519 P
735 2478 838 2540 Ipse
859 2484 928 2522 est
947 2475 1074 2522 enim
1096 2474 1200 2522 laus
1219 2473 1360 2534 illius,
1381 2473 1515 2538 cujus
1530 2472 1633 2520 laus
1652 2472 1715 2521 ab
1738 2473 1837 2538 ejus

423 2568 506 2599 ore
528 2568 773 2616 nunquam
797 2553 1002 2600 recessit.
1026 2555 1145 2600 Nam
1170 2569 1260 2599 nos
1277 2552 1460 2600 utinam
1481 2551 1555 2599 vel
1572 2550 1835 2618 simplicem

423 2628 657 2694 possimus
677 2627 922 2675 historiam
946 2629 1179 2695 explicare
1204 2632 1233 2675 ¹.

471 2792 526 2845 (1)
546 2796 589 2832 In
612 2793 727 2833 Corb.
748 2793 828 2833 haec
858 2796 1026 2836 clausula
1045 2796 1291 2850 subjungitur
1320 2813 1328 2837 :
1364 2801 1469 2836 Finit
1494 2798 1693 2835 versiculus
1710 2805 1831 2833 sancet
