2028 3458
446 327 522 364 228
647 325 713 362 DE
742 322 1032 361 VIRTUTIBUS
1065 321 1236 359 SANCTI
1268 322 1489 359 MARTINI.
1512 340 1564 348 —
1584 322 1635 358 ΙΙ.

445 430 577 461 serve
599 411 786 469 Christi,
816 417 974 456 ut‘tua
1004 408 1100 455 hoc
1124 407 1285 456 oleum
1315 407 1649 455 benedictione
1672 408 1845 454 sancti-

445 490 572 537 fices.
603 508 626 532 »
658 492 712 534 At
739 487 833 546 ille,
865 502 925 532 ne
958 485 1151 532 vanitati
1173 485 1412 549 subjectus
1450 486 1705 544 videretur,
1734 486 1800 532 ait
1831 503 1841 530 :

448 589 469 611 «
492 570 638 613 Parva
659 574 728 611 est
744 564 891 610 virtus
911 578 1044 623 mea;
1071 562 1171 622 sed,
1192 562 1229 608 si
1245 562 1415 626 placet,
1434 562 1593 609 oleum
1615 562 1675 609 de
1689 562 1845 626 sepul-

442 659 525 691 cro
547 642 673 689 beati
701 640 888 689 Martini
910 638 1085 699 habe0,
1115 655 1170 686 ex
1200 655 1298 702 quo
1331 638 1426 686 hoc
1457 640 1618 687 oleum
1650 640 1845 704 perfun-

442 720 597 767 datur.
622 721 689 764 Tu
724 733 857 777 vero,
890 717 929 763 si
959 715 1111 763 credis
1145 715 1245 778 ejus
1276 715 1498 762 virtutem
1522 732 1760 780 magnam,
1790 732 1845 763 ex

441 796 534 843 hoc
559 794 757 842 salutem
784 794 991 843 hauries.
1029 811 1052 836 »
1081 794 1133 838 At
1155 791 1233 838 illa
1256 791 1485 854 gaudens,
1513 793 1645 856 petiit
1667 792 1846 857 expleri

441 890 544 937 quae
567 871 813 937 presbyter
835 870 1137 935 loquebatur.
1164 873 1256 917 Vas
1290 871 1465 917 etenim
1493 870 1610 917 illud
1634 871 1846 918 medium

440 960 556 998 erat.
583 953 798 1013 Cumque
822 949 882 996 de
903 949 999 995 hoc
1019 948 1205 1012 liquore
1227 947 1306 1011 qui
1331 964 1359 995 a
1381 947 1574 995 basilica
1601 949 1751 994 sancti
1773 964 1845 996 as·

439 1037 656 1092 sumptus
696 1028 847 1074 fuerat
863 1065 876 1083 ,
915 1025 1307 1092 perfunderetur,
1353 1026 1570 1090 protinus
1613 1025 1845 1072 ebulliens

438 1105 595 1152 oleum
614 1103 873 1170 ampullam
888 1119 1036 1168 usque
1049 1102 1110 1151 ad
1123 1103 1443 1150 summitatem
1456 1103 1686 1168 implevit.
1701 1103 1846 1161 Quod

437 1191 655 1229 matrona
673 1198 890 1242 cernens,
902 1180 1142 1228 admirans
1162 1181 1385 1228 virtutem
1401 1180 1684 1228 confessoris
1698 1179 1841 1239 beati,

436 1258 634 1305 domum
653 1257 860 1322 regressa
880 1267 950 1305 est
974 1255 1201 1322 gaudens.

987 1394 1142 1429 CAPUT
1170 1394 1288 1429 XXV.

764 1478 816 1511 De
838 1476 955 1524 digitis
974 1476 1157 1523 cujusdam
1180 1476 1336 1511 mulieris
1354 1476 1508 1512 directis.

500 1561 595 1608 Alia
618 1576 729 1607 vero
755 1559 942 1620 mulier,
961 1559 1095 1622 cujus
1112 1559 1244 1623 digiti
1265 1559 1313 1604 iu
1338 1559 1487 1623 ipsam
1503 1560 1709 1624 palmam
1730 1577 1843 1607 con-

432 1639 567 1686 tracti
583 1637 722 1685 defixi
743 1647 894 1697 erant,
916 1636 1159 1684 basilicam
1178 1636 1304 1683 beati
1324 1636 1512 1682 Martini
1529 1638 1745 1683 antistitis
1768 1654 1845 1683 ex-

431 1717 581 1780 petiit.
626 1715 792 1761 Paucis
826 1730 1020 1778 quoque
1049 1714 1341 1778 interpositis
1374 1713 1542 1760 diebus
1576 1715 1842 1762 orationem

432 1793 663 1853 fundenS,
690 1802 736 1839 et
760 1793 910 1839 sancti
933 1793 1161 1839 auxilium
1190 1791 1468 1856 implorans,
1506 1789 1696 1839 directis
1731 1793 1845 1856 digi-

433 1872 507 1930 tis,
531 1886 727 1917 manum
751 1869 929 1933 recepit
944 1869 1252 1916 incolumem.

981 2003 1136 2038 CAPUT
1152 1998 1296 2039 XXVI.

923 2086 974 2119 De
994 2085 1137 2120 muliere
1155 2092 1347 2119 contracta.

499 2171 617 2215 Ante
651 2167 741 2215 hos
778 2183 932 2215 annos
965 2167 1123 2232 puella
1158 2168 1206 2214 in
1236 2167 1559 2215 infirmitatem
1583 2169 1836 2232 pessimam

434 2263 594 2306 ruenS,
623 2246 850 2293 membris
871 2245 1098 2293 omnibus
1122 2244 1366 2293 debilitata
1390 2246 1704 2293 contrahitur.
1733 2250 1841 2293 H'aec

434 2323 606 2371 auditis
645 2323 881 2369 miraculis
916 2340 1020 2387 quae
1059 2323 1251 2370 antistes
1288 2322 1522 2387 gloriosus
1563 2324 1610 2370 in
1648 2324 1842 2388 singulis

433 2399 736 2466 operabatur,
762 2416 937 2447 nomen
962 2401 1061 2464 ejus
1095 2400 1345 2447 invocabat
1375 2400 1561 2448 devote.
1601 2404 1711 2449 Post
1741 2402 1842 2450 dies

433 2482 592 2524 autem
621 2492 799 2542 paucos
833 2485 966 2539 rogat
996 2493 1044 2523 se
1078 2476 1137 2523 ad
1174 2477 1275 2541 ejus
1299 2475 1543 2524 basilicam
1576 2477 1836 2544 deportari,

431 2554 479 2600 in
504 2552 638 2617 cujus
662 2552 782 2600 atrio
806 2552 975 2600 diebus
1005 2553 1164 2600 multis
1194 2554 1371 2618 jacens,
1397 2555 1495 2602 fusa
1533 2557 1699 2622 saepius
1730 2572 1834 2603 ora-

431 2631 561 2678 tione
606 2647 715 2687 cum
750 2630 986 2695 lacrymis,
1028 2647 1055 2678 a
1096 2631 1268 2678 virtute
1307 2632 1544 2698 pontificis
1582 2634 1833 2692 visitatur3

429 2710 592 2774 sicque
629 2709 941 2757 subveniente
973 2709 1131 2757 divina
1165 2710 1512 2769 misericordia,
1544 2721 1705 2759 sanata
1738 2711 1836 2758 dis-

430 2796 582 2834 cessnt.
