2028 3458
448 252 524 289 376
850 248 917 284 DE
945 246 1134 284 GLORIA
1157 245 1527 284 CONFESSORUM.

446 336 638 386 tumulis
675 334 939 382 adhiberet.
981 333 1343 397 Expergei'actus
1380 349 1525 393 vero,
1570 333 1858 381 irruentibus

443 416 545 463 aliis
577 411 964 475 cogitationibus,
1007 409 1199 457 tradidit
1232 409 1464 458 oblivioni
1509 428 1613 475 quae
1653 410 1852 457 viderat.

444 492 538 538 Alia
562 506 675 537 vero
699 497 840 535 nocte
866 496 1190 552 apparuerunt
1211 487 1254 534 ei
1289 488 1459 534 iterum
1474 525 1486 549 ,
1520 488 1651 534 vultu
1682 488 1858 535 minaci

443 567 714 616 terribiliter
749 565 1117 624 comminanteS,
1159 564 1250 611 nisi
1287 564 1446 611 locum
1480 574 1685 628 tegeret,
1727 581 1856 629 anno

442 644 658 710 praesenti
689 642 750 690 ab
779 642 874 688 hoc
900 641 1071 688 saeculo
1101 641 1340 704 migraret.
1377 641 1582 689 Territus
1613 642 1755 705 igitur
1788 642 1860 688 vir

442 724 518 771 ille
552 723 672 780 visu,
706 730 898 786 accepta
921 737 1101 780 secure,
1127 720 1272 785 stirpe
1306 720 1511 781 succisa,
1539 721 1750 767 tumulos
1779 720 1860 767 de-

442 794 571 859 texit,
599 799 874 862 invenitque
909 795 1088 843 validas
1120 795 1180 842 de
1215 795 1361 842 cereis
1390 805 1543 858 guttas
1575 794 1624 840 in
1662 794 1861 841 modum

441 876 591 924 libani
613 874 763 923 odore
793 883 1016 921 nectareo
1043 872 1315 936 effragrare.
1345 875 1477 919 Tunc
1507 871 1742 936 deputatis
1771 870 1859 918 bo-

440 951 530 999 bus
554 962 601 999 et
622 951 853 1017 plaustro,
879 949 1059 1016 lapides
1079 959 1352 1013 congregat,
1381 959 1427 996 et
1447 948 1558 996 data
1581 957 1739 995 aestate
1762 964 1864 995 ora-

442 1031 619 1077 torium
666 1027 1010 1095 superaedificat
1043 1046 1052 1074 :
1102 1027 1420 1092 explicitoque
1466 1043 1612 1091 opere
1665 1025 1863 1074 beatum

445 1107 743 1167 Eufronium,
774 1107 857 1171 qui
894 1116 1007 1152 tunc
1040 1106 1326 1152 Turonicam
1362 1104 1555 1168 regebat
1584 1103 1858 1162 ecclesiam,

441 1185 501 1233 ad
520 1184 901 1232 benedicendum
925 1184 1109 1230 invitat.
1131 1182 1223 1230 Sed
1240 1182 1334 1244 ille,
1353 1183 1451 1246 jam
1468 1183 1677 1230 defessus
1701 1182 1833 1229 senio
1848 1219 1860 1243 ,

441 1273 631 1311 excusat
647 1262 775 1309 abire
792 1261 956 1308 dicens
979 1279 988 1307 :
1015 1260 1216 1321 «Vides,
1238 1261 1409 1325 inquit,
1432 1260 1513 1318 fili,
1536 1261 1668 1325 quod
1686 1277 1864 1307 senue—

443 1342 549 1402 rim,
596 1350 643 1387 et
678 1340 832 1387 hiems
868 1338 1007 1386 solito
1045 1339 1258 1403 asperior
1295 1339 1522 1402 ingruat:
1566 1338 1865 1386 descendunt

379 1435 388 1445 ·
425 1418 639 1485 pluviae,
683 1435 737 1465 ac
776 1417 906 1464 venti
942 1426 1114 1463 cuncta
1150 1415 1338 1463 turbine
1373 1418 1601 1481 perflant,
1638 1417 1865 1463 inflantur

444 1495 658 1554 flumina,
684 1504 731 1541 et
750 1494 862 1558 ipsae
879 1510 1074 1557 quoque
1091 1493 1175 1540 viae
1191 1510 1219 1540 a
1240 1493 1620 1557 frequentatione
1638 1493 1865 1540 imbrium

445 1572 617 1632 effusae,
650 1587 772 1636 pene
808 1572 856 1617 in
886 1570 1042 1617 lutum
1079 1580 1191 1617 sunt
1224 1570 1486 1631 dissolutae3
1516 1580 1562 1618 et
1601 1587 1731 1617 nunc
1766 1588 1866 1618 non

444 1651 669 1698 convenit
705 1651 828 1697 aetati
857 1666 972 1696 meae
1004 1650 1092 1696 ista
1124 1649 1272 1696 modo
1310 1665 1570 1714 properare
1610 1650 1796 1697 itinera.
1842 1671 1863 1693 »

445 1731 552 1775 Haee
575 1726 775 1774 audiens
796 1726 869 1773 vir
891 1725 987 1785 ille,
1014 1725 1226 1773 discessit
1252 1742 1278 1773 a
1301 1736 1560 1791 conspectu
1589 1726 1864 1786 sacerdotis,

445 1807 607 1854 abiens
637 1805 776 1852 valde
810 1821 1033 1853 moerens.
1070 1807 1248 1852 Verum
1275 1804 1358 1851 ubi
1391 1803 1612 1852 sacerdos
1652 1805 1867 1853 membra

445 1884 590 1948 quieti
613 1883 802 1943 laxavit,
829 1882 947 1930 vidit
969 1882 1088 1930 duas
1113 1883 1317 1946 virgines
1343 1892 1493 1929 astare
1532 1882 1639 1943 sibi,
1665 1899 1867 1947 quarum

447 1962 605 2009 senior
621 1961 741 2007 tristi
764 1959 898 2006 vultu
915 1960 980 2007 sic
1003 1959 1108 2006 infit
1129 1977 1138 2005 ε
1172 1980 1195 2004 «
1221 1959 1350 2017 Quid
1372 1959 1455 2005 tibi
1478 1959 1669 2021 ingratae
1694 1960 1868 2005 exstiti-

449 2057 583 2099 mus,
618 2038 889 2086 beatissime
931 2037 1180 2102 pontifex?
1216 2037 1334 2102 quid
1363 2030 1588 2084 molestiae
1622 2036 1869 2083 intulimus

448 2117 631 2181 regioni
653 2115 737 2163 tibi
770 2132 799 2163 a
822 2118 924 2162 Deo
947 2116 1243 2163 commissae?
1272 2117 1368 2162 Cur
1396 2130 1485 2161 nos
1515 2113 1753 2179 despicis?
1785 2131 1871 2161 cur

450 2195 511 2242 ad
532 2193 911 2253 consecrandum
934 2192 1097 2239 locum
1121 2209 1267 2257 quem
1288 2192 1431 2239 nobis
1449 2192 1522 2238 vir
1548 2190 1699 2238 fidelis
1722 2191 1868 2239 aedifi-

450 2272 575 2320 cavit
593 2271 754 2318 venire
778 2270 1080 2318 dissimulas?
1104 2271 1226 2318 Veni
1258 2287 1412 2330 nunc,
1447 2269 1752 2317 obsecramus
1784 2286 1870 2334 per

454 2364 630 2396 nomen
661 2348 1004 2414 omnipotentis
1025 2349 1129 2410 Dei,
1158 2348 1292 2412 cujus
1317 2364 1404 2394 nos
1428 2364 1591 2395 sumus
1613 2347 1809 2395 ancillae.
1843 2368 1866 2392 υ

456 2430 560 2474 Haec
585 2426 749 2481 eil'ata,
785 2442 928 2490 genas
949 2426 1169 2491 lacrymis
1193 2426 1378 2489 rigabat
1403 2425 1603 2473 obortis.
1638 2428 1872 2491 Experge-

457 2506 604 2553 lactus
619 2520 734 2552 vero
749 2521 908 2565 senex,
928 2513 1066 2552 vocat
1085 2504 1408 2552 ecclesiasticae
1423 2504 1596 2552 domus
1616 2515 1867 2562 rectorem,

455 2583 618 2630 dicens
638 2600 648 2628 :
682 2602 704 2626 «
724 2582 917 2629 Peccavi
938 2598 1036 2629 non
1062 2581 1222 2629 eundo
1242 2599 1351 2629 cum
1367 2582 1583 2630 homine.
1603 2585 1721 2629 Ecce
1744 2582 1871 2629 enim

455 2660 552 2707 vidi
574 2659 693 2707 duas
716 2659 920 2722 virgines
940 2675 1016 2706 me
1036 2659 1100 2706 ob
1120 2658 1169 2706 id
1192 2660 1511 2726 increpantes,
1534 2669 1580 2707 et
1599 2675 1766 2707 vereor
1785 2659 1873 2706 Dei

458 2737 688 2785 offensam
712 2737 968 2798 incurrere,
984 2737 1022 2784 si
1036 2738 1146 2785 illuc
1160 2737 1386 2786 distulero
1403 2737 1667 2786 ambulare.
1690 2759 1712 2781 »
1732 2740 1872 2784 Acce-
