2028 3458
434 293 510 328 278
680 292 745 327 DE
771 289 1062 327 VlRTUTIBUS
1092 288 1264 326 SANCTI
1293 289 1516 328 MARTINI.
1540 290 1675 325 —1v.

1048 465 1204 500 CAPUT
1221 465 1288 501 lv.

694 565 746 598 De
759 573 957 609 contracto,
976 573 1010 599 et
1032 576 1137 608 caeca,
1155 572 1190 598 et
1204 563 1317 599 tribus
1335 564 1593 611 energumenis.

499 652 570 699 Ad
593 651 891 700 festivitatem
912 668 1026 700 vero
1051 668 1156 715 quae
1178 668 1343 699 mense
1364 652 1534 715 quinto
1561 650 1852 711 celebratur,

434 729 692 777 adveniens
714 730 910 794 quidam
927 767 939 789 ,
961 730 1095 794 cujus
1118 729 1253 793 digiti
1287 730 1338 776 in
1373 730 1581 794 palmam
1606 739 1856 777 contraxe-

434 818 558 868 rant,
596 808 815 855 oratione
851 808 973 855 sacta
1006 807 1165 871 digitis
1196 807 1388 854 directis
1422 807 1661 854 abscessit.
1688 807 1857 853 Mulier

433 902 547 932 vero
563 901 686 932 caeca
705 895 813 950 post
835 895 946 932 octo
963 901 1134 947 annos,
1154 895 1391 950 prostrata
1406 885 1510 932 solo
1528 901 1692 932 coram
1708 884 1858 931 sancti

433 963 669 1028 sepulcro,
696 963 973 1009 illuminatis
992 963 1162 1022 oculis,
1186 963 1430 1028 repedavit
1447 963 1494 1008 in
1512 962 1675 1008 locum
1696 978 1854 1007 suum.

433 1044 544 1089 Tres
563 1050 677 1089 tunc
699 1041 1010 1104 energumeni
1032 1042 1183 1088 sancti
1207 1042 1378 1089 virtute
1399 1039 1620 1087 mundati
1643 1048 1769 1085 sunt.

1055 1213 1211 1249 CAPUT
1235 1214 1282 1247 V.

952 1309 1004 1342 De
1021 1320 1122 1343 servo
1141 1307 1350 1343 Theodulfi.

507 1407 576 1450 Eo
597 1420 745 1463 anno,
765 1403 815 1451 id
834 1413 904 1451 est
922 1403 1248 1451 Childeberthi
1270 1406 1391 1468 regis
1409 1403 1549 1449 tertio
1569 1401 1778 1462 decimo,
1801 1400 1862 1448 ad

442 1480 740 1529 festivitatem
756 1497 862 1545 quae
882 1481 943 1528 de
966 1481 1107 1529 beato
1131 1482 1233 1546 ejus
1256 1483 1455 1529 transitu
1474 1481 1759 1537 celebratur,
1786 1496 1865 1526 ve-

443 1559 515 1605 nit
549 1575 713 1606 servus
747 1558 999 1606 Theodulfi
1035 1560 1151 1606 civis
1183 1562 1218 1605 T
1221 1560 1427 1620 uronici,
1465 1568 1626 1606 custos
1663 1556 1810 1604 suillae
1834 1559 1865 1615 ¹,

446 1636 526 1700 qui
554 1635 672 1683 dum
694 1645 835 1683 nocte
857 1637 984 1685 circa
1014 1654 1204 1701 gregem
1234 1636 1470 1684 creditum
1498 1635 1779 1694 excubaret,
1806 1651 1869 1681 ne

445 1712 710 1777 quidquam
745 1730 802 1760 ex
837 1729 896 1760 eo
933 1723 1014 1760 aut
1047 1713 1200 1761 bestia
1233 1723 1439 1778 raperet,
1475 1722 1557 1760 aut
1590 1713 1719 1760 fraus
1755 1711 1870 1758 furis

445 1790 668 1846 auferret,
689 1791 841 1838 oculis
863 1790 1020 1838 subita
1042 1791 1244 1855 caligine
1268 1791 1530 1850 interfusis,
1558 1790 1721 1837 lumen
1744 1790 1871 1836 ami-

446 1868 523 1915 sit.
552 1869 647 1926 Qui
668 1885 754 1934 per
775 1885 858 1916 sex
880 1885 1034 1916 annos
1057 1870 1106 1916 in
1129 1871 1338 1917 caecitate
1357 1869 1536 1916 durans
1554 1868 1616 1915 ad
1638 1868 1765 1915 hanc
1787 1867 1872 1914 fes·

448 1945 679 1993 tivitatem
699 1946 893 1993 advenit
911 1965 922 2004 ;
950 1956 1059 2012 post
1077 1947 1270 1994 tertium
1290 1963 1405 1994 vero
1429 1946 1577 2006 diem,
1602 1945 1752 1992 sancti
1774 1944 1869 1991 vir-

447 2033 549 2070 tute
573 2023 885 2085 illuminatuS,
911 2040 939 2071 a
958 2023 1160 2071 domino
1182 2034 1252 2071 est
1270 2023 1493 2071 dimissus
1516 2023 1769 2086 ingenuus.

1015 2198 1172 2233 CAPUT
1196 2199 1262 2235 VI.

850 2294 902 2327 De
919 2294 1038 2329 multis
1053 2294 1317 2329 infirmitatibus
1333 2294 1474 2330 sanatis.

520 2386 656 2430 Anno
674 2401 868 2448 quoque
884 2396 1055 2449 quarto
1079 2386 1270 2433 decimo
1296 2386 1416 2448 regis
1437 2383 1714 2450 supradicti,
1734 2382 1875 2430 adve-

454 2460 612 2507 niente
633 2462 934 2509 solemnitate
960 2463 1127 2522 sancti,
1148 2463 1403 2510 duodecim
1422 2462 1668 2527 paralytici
1686 2460 1872 2519 directi,

511 2653 566 2703 (l)
591 2652 653 2691 Sic
671 2655 776 2701 Gat.‚
798 2656 932 2702 Rom„
954 2653 1096 2703 Laud„
1120 2654 1230 2693 Colb.
1252 2662 1290 2693 et
1312 2655 1413 2694 Clar.
1430 2687 1441 2705 ,
1466 2653 1504 2691 id
1522 2661 1579 2691 est
1598 2652 1724 2705 gregis
1743 2664 1877 2703 porco-

456 2732 565 2767 ru1n;
586 2719 650 2757 alii
675 2733 766 2759 mss.
788 2719 883 2769 duo,
908 2723 1016 2759 villae.
1035 2720 1134 2758 Editi
1164 2733 1280 2768 vero,
1304 2722 1421 2760 ovilis.
1449 2723 1528 2768 (R.)
1546 2742 1599 2749 -—
1620 2720 1718 2757 3801
1744 2718 1874 2761 0‹›1·lis;

455 2787 558 2825 2204
581 2785 705 2837 primu
724 2788 841 2824 suillae
862 2795 899 2824 et
921 2786 1187 2826 emendatione
1209 2788 1315 2824 villzr.
