2028 3458
377 337 427 374 86
598 337 665 373 DE
695 333 985 372 VIRTUTIBUS
1014 331 1187 370 SANCTI
1215 332 1439 373 MARTINI.
1459 354 1512 361 -
1533 333 1566 371 1.

889 483 1046 520 CAPUT
1069 483 1283 519 XXXVIII.

778 583 831 617 De
849 580 1096 628 energumenis
1110 589 1144 615 et
1157 580 1373 628 frigoriticis.

440 686 525 734 Vel
541 684 657 749 quid
674 699 764 747 ego
781 681 843 730 de
859 681 1194 745 energumenis
1207 681 1279 728 vel
1297 681 1562 747 frigoriticis
1575 682 1795 745 referam,

373 763 547 830 quibus
588 762 627 809 si
663 777 776 808 vere
820 759 997 807 fuerint
1034 758 1238 824 parcitas
1267 768 1315 806 et
1350 759 1470 807 fides
1501 760 1795 824 conjunctae,

371 858 481 890 mox
526 837 904 887 adminiculante
947 845 1188 902 patrono,
1234 846 1417 885 cunctae
1450 836 1801 885 submoventur

370 916 586 966 insidiae?
636 915 714 964 Sic
771 913 909 962 multi
953 931 1011 961 ex
1052 913 1346 979 frigoriticis,
1401 913 1520 961 dum
1563 915 1612 962 vi
1658 915 1801 963 febris

367 995 571 1063 pessime
594 994 903 1059 quatiuntur,
921 1001 1024 1040 tota
1046 991 1125 1041 die
1141 992 1266 1039 inter
1279 992 1502 1041 altarium
1520 1002 1568 1040 et
1581 1002 1799 1041 sanctum

369 1073 612 1122 tumulum
634 1070 956 1132 decubantes,
983 1069 1046 1119 ad
1068 1087 1322 1136 vesperum
1356 1080 1516 1118 autem
1544 1070 1720 1119 hausto
1746 1088 1804 1119 ex

365 1152 495 1200 beati
530 1149 740 1216 sepulcri
778 1148 1002 1215 pulvere,
1044 1149 1279 1197 continuo
1317 1158 1658 1214 promerentur
1679 1150 1805 1197 acci-

368 1246 484 1296 pere
503 1229 774 1278 sanitatem.
799 1229 921 1276 Nam
938 1226 1112 1275 Paulus
1142 1243 1496 1291 energumenus
1512 1264 1525 1289 ,
1552 1227 1636 1292 qui
1658 1227 1805 1291 legio-

369 1324 484 1356 nem
551 1306 909 1355 daemoniorum
971 1304 1222 1353 dicebatur
1276 1304 1484 1367 habere,
1558 1306 1806 1353 insistente

367 1385 567 1433 inimico
585 1421 598 1445 ,
658 1385 933 1433 machinam
952 1420 964 1444 ,
1030 1400 1136 1449 quae
1201 1392 1377 1431 sanctae
1441 1399 1640 1431 camerae
1705 1392 1807 1431 erat

372 1462 647 1528 propinqua
667 1499 681 1524 ,
727 1461 1063 1510 conscendens
1083 1498 1096 1523 ,
1137 1460 1310 1508 dixisse
1348 1460 1496 1508 fertur
1524 1480 1535 1508 :
1563 1480 1587 1506 «
1641 1463 1808 1509 Pereat

371 1539 645 1600 vasculum,
671 1540 807 1606 quod
831 1548 1026 1588 exustus
1046 1538 1285 1587 inhabito.
1318 1559 1340 1583 ›>
1368 1541 1426 1586 Et
1449 1548 1736 1596 exaestuans,
1760 1549 1807 1586 et

371 1618 672 1684 praecipitans
708 1636 759 1666 se
801 1619 1059 1678 deorsum,
1088 1618 1154 1665 ita
1187 1616 1319 1665 beati
1350 1618 1526 1666 virtute
1559 1617 1725 1665 leviter
1756 1618 1806 1664 in

371 1695 704 1759 pavimentum
737 1695 986 1762 depositus
1027 1705 1125 1756 est,
1164 1704 1217 1742 ut
1249 1694 1436 1743 nullum
1473 1694 1807 1761 membrorum

373 1772 590 1821 damnati
612 1774 886 1841 corpusculi
908 1772 1177 1822 collideret.

897 1929 1055 1966 CAPUT
1078 1929 1256 1968 XXXIX.

898 2030 953 2064 De
970 2028 1158 2074 Leomeria
1175 2039 1279 2063 coca.

444 2125 717 2173 Leomeria¹
745 2123 968 2189 quaedam
997 2140 1123 2172 caeca
1159 2134 1303 2189 atque
1344 2132 1591 2171 contracta
1607 2160 1619 2184 ,
1663 2123 1810 2186 longo

382 2208 600 2267 tempore
636 2200 971 2249 miserabiliter
1017 2201 1210 2261 vivens,
1263 2200 1382 2248 dum
1415 2201 1506 2248 iter
1552 2199 1671 2247 illud
1726 2215 1813 2264 per

380 2293 553 2326 manus
600 2278 807 2327 aliorum
850 2278 1031 2328 crebris
1070 2277 1350 2328 occursibus
1381 2278 1561 2338 utitur,
1606 2293 1705 2342 quo
1750 2276 1812 2323 ad

380 2356 508 2404 beati
530 2356 778 2405 basilicam
801 2357 919 2420 itur,
942 2355 1139 2405 tandem
1156 2355 1219 2404 ab
1241 2357 1344 2422 ejus
1362 2357 1541 2423 pietate
1559 2364 1777 2421 respecta
1797 2392 1809 2413 ,

377 2433 542 2498 iacens
565 2435 627 2484 ad
648 2445 870 2483 sanctum
894 2435 1095 2497 ostium,
1122 2435 1289 2484 lumen
1305 2435 1483 2502 pariter
1498 2448 1814 2499 gressumque

384 2513 580 2579 recepit.
619 2515 662 2561 O
687 2513 726 2560 si
764 2522 922 2561 totum
959 2512 1244 2580 proderetur
1280 2514 1328 2560 in
1363 2512 1635 2580 publicum,
1678 2510 1813 2576 quod

383 2590 559 2655 singuli
583 2592 763 2657 quique
781 2628 793 2652 ,
823 2592 941 2640 dum
961 2591 1164 2640 fideliter
1191 2603 1428 2658 poscunt,
1460 2593 1663 2641 latenter
1695 2591 1815 2639 acci-

384 2668 551 2732 piunt,
588 2678 636 2716 et
673 2669 847 2718 retinet
891 2670 1139 2717 occultum
1179 2669 1442 2718 multorum
1482 2668 1811 2728 conscientia,

439 2842 493 2889 (1)
519 2842 628 2889 Bec.,
650 2844 855 2880 Deomena.
877 2844 958 2891 (R.)
977 2864 1027 2872 —
1043 2846 1272 2893 homerica,
1297 2846 1417 2891 5334;
1448 2848 1651 2891 Leometia,
1666 2844 1765 2881 Cott.
