2028 3458
470 318 547 356 142
685 318 751 354 DE
778 314 1072 354 VIRTUTIBUS
1100 313 1272 352 SANCTI
1300 314 1526 353 MARTINI.
1547 334 1601 343 —
1623 315 1677 353 11.

471 406 594 453 sicut
627 422 733 452 cera
766 420 794 451 a
828 403 943 450 facie
976 403 1098 465 ignis
1129 403 1349 466 guttatim
1382 402 1615 462 defluens,
1656 400 1894 466 quinqua-

471 483 648 548 gesima
679 482 760 530 die
783 480 844 527 ab
868 479 1089 545 hydrope
1115 480 1307 527 inflatus
1338 480 1537 528 interiit.-
1567 479 1661 527 Sed
1690 496 1778 527 nec
1799 479 1895 527 hoc

472 559 640 620 silebo,
674 558 808 622 quod
838 557 922 604 illo
952 565 1169 621 tempore
1201 557 1362 604 alveus
1388 558 1519 605 fluvii
1551 568 1673 604 nutu
1697 557 1785 603 Dei
1819 555 1896 603 vel

471 638 643 685 virtute
675 636 802 683 beati
835 635 949 695 viri,
981 634 1162 698 absque
1191 634 1464 699 pluviarum
1494 633 1896 682 inundationibus

473 714 706 779 repletus,
727 713 934 774 hostem,
961 729 1023 759 ne
1045 712 1285 759 civitatem
1314 712 1528 775 laederet,
1558 713 1756 761 transire
1784 727 1898 777 pro-

472 791 647 840 hibuit.

1007 905 1165 940 CAPUT
1195 904 1374 941 XXVIII.

1029 990 1082 1024 De
1098 989 1244 1023 muliere
1257 1001 1360 1024 eaeca.

540 1087 594 1131 In
619 1084 697 1131 die
719 1092 882 1132 autem
909 1084 990 1131 illa
1007 1084 1294 1132 recurrentis
1323 1083 1657 1142 solemnitatis,
1685 1099 1780 1147 qua
1804 1085 1902 1129 Do-

477 1162 637 1209 minus
659 1178 748 1226 pro
773 1163 923 1209 salute
947 1161 1119 1208 mundi
1151 1178 1264 1208 mox
1288 1178 1536 1226 passurus,
1567 1160 1767 1207 confuso
1790 1176 1904 1225 pro-

477 1239 633 1287 ditore
666 1239 903 1304 discipulo
924 1277 937 1301 ,
964 1240 1161 1304 epulum
1191 1238 1420 1303 apostolis
1450 1238 1765 1297 ministravit,
1794 1254 1907 1285 cum

479 1334 648 1365 omnes
663 1317 724 1365 ad
738 1317 986 1365 ecclesiam
1006 1327 1322 1382 properarent
1343 1317 1678 1364 desiderabilia
1695 1317 1907 1363 Domino

481 1402 592 1439 vota
629 1392 889 1440 dissolvere
904 1428 917 1452 ⁷
958 1393 1178 1455 quaedam
1220 1392 1391 1439 mulier
1428 1391 1655 1439 diuturna
1699 1392 1908 1438 caecitate

481 1483 696 1538 gravata,
733 1490 845 1520 cum
880 1482 1001 1520 esset
1029 1473 1078 1519 in
1107 1472 1250 1531 villa,
1281 1472 1395 1519 flere
1427 1473 1597 1537 coepit,
1633 1481 1678 1518 et
1710 1472 1903 1519 dicere:

485 1570 508 1593 «
530 1552 611 1596 Vae
635 1549 771 1609 mihi,
798 1550 910 1614 quia
923 1559 1095 1597 caecata
1112 1566 1200 1614 pro
1220 1549 1426 1615 peccatis
1451 1566 1550 1595 non
1570 1566 1759 1596 mereor
1782 1549 1907 1595 hanc

481 1624 783 1672 festivitatem
805 1641 918 1671 cum
936 1624 1120 1688 reliquo
1142 1623 1324 1689 populo
1346 1634 1578 1689 spectare.
1604 1645 1625 1667 n
1643 1627 1775 1671 Tunc
1799 1640 1909 1670 cum

483 1702 596 1749 fletu
617 1718 792 1766 magno
817 1702 920 1749 solo
943 1711 1196 1767 prostrata,
1225 1718 1403 1748 nomen
1430 1701 1555 1748 beati
1581 1702 1773 1747 invocat
1793 1718 1912 1747 con-

485 1779 672 1827 fessoris
694 1796 706 1826 ε
735 1780 977 1845 completa
1001 1789 1162 1826 autem
1186 1780 1403 1826 oratione
1426 1779 1521 1827 luci
1547 1780 1753 1844 pristinae
1779 1779 1912 1826 resti·

483 1857 646 1904 tuitur.
677 1860 828 1904 Porro
849 1867 1043 1922 recepto
1067 1856 1275 1917 lumine,
1302 1856 1368 1904 ob
1394 1856 1665 1905 reddendas
1686 1860 1787 1904 Deo
1809 1873 1913 1921 gra·

483 1936 571 1984 tias
609 1935 672 1983 ad
703 1934 895 1983 beatam
922 1935 1172 1983 basilicam
1204 1952 1315 1983 cum
1350 1935 1622 1983 admirabili
1658 1934 1915 1983 oculorum

485 2003 695 2061 claritate
719 2012 953 2078 pervenit.
979 2013 1074 2059 Sed
1096 2023 1144 2076 et>
1162 2029 1287 2070 unus
1310 2029 1365 2059 ex
1383 2013 1718 2077 energumenis
1740 2011 1818 2059 die
1836 2010 1915 2058 illa

486 2090 636 2138 sancti
660 2089 831 2137 virtute
854 2098 1046 2136 curatus
1070 2098 1157 2136 est.

1048 2225 1206 2260 CAPUT
1230 2225 1370 2262 XXIX.

1030 2312 1083 2345 De
1104 2310 1245 2345 duobus
1262 2310 1374 2346 caecis.

557 2410 665 2455 Duo
691 2408 802 2455 caeci
825 2423 883 2454 ex
905 2406 1117 2471 Biturigo
1139 2407 1409 2467 venientes,
1437 2406 1650 2455 arefactis
1679 2405 1920 2472 palpebris

492 2494 539 2533 et
561 2485 744 2548 glutino
781 2485 1069 2549 conjunctis,
1107 2484 1169 2532 ad
1205 2485 1351 2551 pedes
1371 2485 1497 2533 beati
1527 2485 1707 2531 Domni
1731 2494 1921 2533 orantes

469 2563 815 2627 decubabant.
852 2567 1046 2611 Factum
1072 2574 1143 2611 est
1165 2574 1325 2612 autem
1352 2566 1399 2611 in
1430 2565 1507 2611 die
1542 2564 1803 2612 festivitatis
1826 2579 1920 2610 suae

494 2649 676 2688 astante
700 2640 902 2705 populo,
928 2639 1046 2687 dum
1069 2641 1265 2688 virtutes
1286 2640 1346 2688 de
1366 2642 1460 2687 vita
1483 2641 1606 2688 illius
1630 2640 1915 2705 legerentur,

495 2718 644 2773 sactus
662 2727 732 2764 est
758 2734 902 2783 super
925 2717 1031 2765 illos
1052 2718 1281 2783 splendor
1302 2735 1505 2766 corusco
1528 2718 1710 2779 similis,
1733 2728 1781 2766 et
1801 2734 1918 2765 con·

495 2794 652 2843 fractis
667 2794 878 2859 ligaturis
899 2813 1005 2861 quae
1020 2796 1272 2862 palpebras
1295 2798 1652 2857 obseraverant,
1675 2797 1916 2845 defluente
