2028 3458
456 273 533 309 270
664 272 730 307 DE
758 269 1050 307 VIRTUTIBUS
1078 269 1250 307 SANCTI
1278 270 1499 307 MARTIM.
1523 290 1576 296 —
1593 270 1662 309 111.

456 370 673 425 sumpto,
697 358 874 406 calcata
903 356 1032 404 febre
1057 357 1308 405 roboratus
1339 367 1425 404 e‘st.
1459 361 1595 405 Duos
1626 374 1680 404 ex
1706 358 1865 421 pueris

457 437 630 483 nostris
644 434 985 482 valetudinaria
1008 433 1149 480 febris
1168 435 1417 492 invaserat,
1438 450 1700 498 omnesque
1720 449 1867 481 mem-

458 514 655 560 brorum
693 513 955 575 juncturas,
999 520 1052 557 ut
1094 527 1149 557 ex
1191 511 1287 558 hoc
1322 513 1544 576 contagio
1584 511 1867 577 plerumque

458 590 646 648 assolet,
672 589 813 635 dolor
836 604 983 635 saevus
1014 587 1295 634 obsederat:
1325 588 1406 635 sed
1441 588 1500 636 ab
1531 588 1621 635 hac
1643 585 1870 635 benedic-

461 669 588 714 tione
612 667 778 732 potati,
809 665 958 712 sanati
983 674 1110 712 sunt.
1138 667 1237 727 Ego
1257 665 1356 729 ipse
1381 666 1429 711 in
1453 666 1548 712 hoc
1572 666 1738 712 itinere
1759 681 1869 711 cum

461 744 679 791 dolorem
702 744 917 790 dentium
941 743 1142 806 graviter
1164 743 1461 802 sustinerem,
1487 752 1533 789 et
1550 743 1649 806 jam
1672 759 1769 788 nou
1795 758 1872 788 so-

461 822 560 868 lum
584 822 671 885 ipsi
695 815 884 878 dentes,
913 820 995 867 sed
1029 837 1172 867 omne
1202 830 1345 884 caput
1374 836 1604 866 venarum
1634 819 1870 884 pulsibus,

462 915 517 946 ac
537 899 759 945 dolorum
783 898 973 962 spiculis
999 896 1236 961 figeretur,
1267 913 1320 944 ac
1344 907 1561 961 tempora
1586 896 1741 942 valide
1772 913 1877 960 pro-

463 975 666 1033 silirent,
696 973 790 1020 hoc
817 972 1089 1037 praesidium
1117 975 1315 1039 expetii,
1343 984 1389 1020 et
1414 990 1525 1020 mox
1555 972 1723 1019 dolore
1751 989 1878 1019 com·

464 1068 627 1117 presso
652 1051 890 1098 convalui.
925 1054 968 1097 O
993 1050 1252 1098 theriacam
1285 1048 1678 1098 inenarrabilem!
1713 1065 1742 1095 o
1774 1049 1876 1112 pig-

464 1139 679 1176 mentum
705 1125 969 1175 ineffabile!
1003 1144 1033 1173 o
1056 1127 1326 1174 antidotum
1355 1124 1620 1174 laudabile!
1651 1142 1682 1173 o
1707 1141 1878 1190 purga-

464 1207 663 1267 torium,
686 1216 739 1253 ut
761 1207 824 1252 ita
843 1205 1018 1263 dicam,
1039 1204 1245 1265 coeleste,
1268 1204 1399 1269 quod
1417 1204 1714 1251 medicorum
1734 1203 1880 1249 vincit

465 1284 690 1346 argutias,
709 1291 979 1329 aromatum
998 1282 1249 1329 suavitates
1275 1291 1482 1346 superat,
1507 1290 1877 1344 unguentorum-

467 1377 560 1424 que
585 1360 803 1406 omnium
827 1358 1003 1406 robora
1026 1356 1366 1424 supercrescit!
1394 1357 1526 1422 quod
1551 1357 1752 1405 mundat
1773 1373 1882 1403 ven-

469 1447 589 1483 trem
612 1446 663 1483 ut
685 1435 938 1500 agridium,
964 1435 1245 1500 pulmonem
1271 1445 1320 1482 ut
1344 1434 1599 1500 hyssopus,
1629 1435 1881 1498 ipsumque

469 1525 611 1579 caput
632 1522 817 1579 purgat,
845 1523 895 1559 ut
914 1522 1171 1577 peretrum.
1201 1513 1353 1559 Etiam
1377 1529 1477 1558 non
1496 1512 1649 1558 solum
1670 1510 1883 1558 membra

470 1593 643 1640 debilia
668 1591 857 1652 solidat,
884 1590 983 1652 sed,
1011 1590 1145 1655 quod
1167 1590 1240 1637 his
1265 1589 1490 1636 omnibus
1516 1589 1665 1652 majus
1690 1598 1757 1635 est
1773 1624 1784 1646 ,
1811 1588 1884 1652 ip-

469 1687 542 1717 sas
562 1670 663 1717 illas
684 1669 1084 1716 conscientiarum
1114 1668 1323 1715 maculas
1349 1667 1577 1730 abstergit
1608 1683 1664 1713 ac
1693 1665 1880 1727 levigat.

468 1747 713 1794 Sufficiant
737 1763 849 1809 ergo
879 1745 979 1792 haec
1002 1745 1114 1791 huic
1143 1745 1304 1792 libello
1336 1761 1440 1809 quae
1467 1744 1618 1790 indita
1648 1751 1774 1789 sunt.
1800 1745 1886 1789 Ta·

471 1842 581 1871 men
616 1824 655 1871 si
688 1823 847 1871 adhuc
878 1823 1104 1870 miracula
1129 1839 1323 1870 cernere
1356 1839 1618 1882 meremur,
1650 1821 1802 1886 placet
1830 1836 1886 1867 ea

470 1902 603 1949 alteri
628 1901 788 1948 libello
819 1901 979 1958 inseri,
1007 1910 1059 1947 ut
1086 1916 1140 1947 ea
1172 1916 1277 1964 quae
1302 1899 1644 1959 ostenduntur,
1674 1915 1774 1945 non
1804 1914 1884 1944 oc·

471 1978 582 2037 culi,
610 1977 693 2025 sed
715 1977 861 2040 magis
884 1976 1084 2023 vocibus
1108 1977 1313 2023 debeant
1335 1976 1592 2041 propalari.
1622 1978 1692 2022 De
1717 1984 1885 2020 caetero

472 2071 586 2101 vero
605 2056 829 2102 virtutem
851 2054 950 2117 ejus
973 2053 1292 2118 deposcimus,
1321 2063 1372 2100 ut
1391 2054 1472 2117 qui
1496 2052 1604 2100 talia
1627 2061 1814 2117 praestat
1830 2068 1885 2097 ex

474 2131 679 2191 tumulo,
701 2147 791 2177 nos
808 2131 906 2194 jam
926 2145 954 2177 a
977 2130 1180 2194 peccatis
1203 2133 1304 2176 Deo
1327 2140 1544 2176 mortuos
1568 2130 1791 2176 suscitare
1813 2128 1886 2174 di-

474 2217 643 2271 gnetur
665 2208 830 2254 mortis
855 2208 986 2253 istius
1015 2207 1075 2253 de
1100 2207 1342 2272 sepulcro,
1371 2216 1423 2253 ut
1453 2207 1500 2252 in
1539 2207 1619 2253 illo
1650 2221 1888 2252 resurrec—

474 2285 619 2331 tionis
640 2284 794 2331 carnis
816 2292 987 2330 nostrae
1012 2290 1225 2348 tempore
1249 2282 1387 2329 nobis
1408 2283 1624 2331 obtineat
1645 2282 1891 2345 indulgen-

475 2361 606 2424 tiam,
633 2378 745 2408 cum
770 2360 845 2407 ille
871 2359 1161 2426 provehetur
1183 2360 1242 2407 ad
1263 2377 1508 2408 coronam.

875 2608 1088 2639 EXPLICIT
1122 2609 1248 2638 LIBER
1283 2609 1485 2639 TERTIUS.
