2028 3458
501 269 551 304 56
725 239 793 303 DF]
819 266 1110 303 VIRTUTIBUS
1140 266 1309 301 SANCTI
1340 266 1563 303 MARTINI.
1589 287 1639 295 -—
1663 268 1694 305 1.

1059 427 1215 464 CAPUT
1239 427 1345 465 XXI.

1039 538 1092 571 De
1110 536 1182 571 alio
1200 548 1374 583 appenso.

559 653 663 696 Non
687 647 833 695 credo
857 645 1026 693 haberi
1048 647 1367 711 superfluum,
1407 647 1445 693 si
1469 647 1703 694 inseratur
1727 646 1923 694 lectioni

492 726 695 791 qualiter
715 723 954 770 invocatio
974 723 1184 770 nominis
1208 723 1308 787 ejus
1325 723 1470 769 vitam
1493 724 1760 788 praestiterit
1782 724 1925 770 mori-

493 813 619 850 turo.
648 800 873 859 Quodam
912 800 1023 847 loco
1053 817 1180 847 unus
1210 809 1409 866 propter
1440 800 1550 846 furti
1581 800 1757 848 scelera
1789 817 1923 847 com-

491 881 780 947 prehensuS‚
802 888 959 943 'atque
992 877 1216 942 gravibus
1247 877 1526 925 verberibus
1561 888 1711 940 actus,
1748 879 1922 925 ductus

490 969 557 1005 est
582 958 643 1004 ad
667 956 939 1023 patibulum
962 966 1016 1003 ut
1038 955 1447 1004 condemnaretur
1469 955 1748 1021 suspendio.
1778 959 1922 1003 Cum-

489 1053 582 1102 que
605 1036 652 1081 in
679 1034 809 1080 hunc
832 1034 1029 1094 exitum,
1067 1044 1223 1081 morte
1250 1035 1350 1099 jam
1376 1034 1816 1099 appropinquante,
1843 1050 1923 1081 ve-

490 1114 652 1171 nisset,
680 1111 853 1158 orandi
878 1112 1087 1177 spatium
1122 1113 1273 1178 petiit.
1308 1115 1442 1159 Tunc
1480 1112 1600 1158 sicut
1635 1122 1736 1159 erat
1773 1112 1925 1175 ligatis

490 1201 598 1257 post
621 1201 806 1253 tergum
835 1189 1079 1251 manibus,
1099 1190 1297 1255 Jactavit
1316 1207 1365 1237 se
1390 1206 1576 1254 pronus
1595 1190 1643 1236 in
1668 1199 1863 1247 terram,
1878 1200 1923 1236 et

491 1270 635 1335 coepit
657 1286 768 1315 cum
784 1267 1010 1332 lacrymis
1032 1268 1261 1316 invocare
1286 1286 1466 1315 nomen
1487 1268 1617 1315 beati
1642 1269 1851 1328 Martini,
1873 1279 1925 1315 ut

491 1349 573 1395 etsi
600 1349 647 1394 in
666 1347 758 1394 hac
778 1347 1061 1394 necessitate
1086 1347 1127 1393 ei
1152 1363 1252 1393 non
1280 1356 1595 1405 succurreret,
1623 1346 1699 1393 vel
1724 1363 1751 1393 a
1772 1346 1926 1412 culpis

490 1442 601 1473 eum
637 1425 683 1471 in
715 1434 964 1490 posterum
1000 1434 1263 1472 excusaret.
1291 1428 1510 1488 Cumque
1541 1423 1781 1489 completa
1815 1441 1927 1471 ora-

490 1505 620 1550 tione
642 1519 899 1568 suspensus
920 1502 1100 1557 fuisset,
1118 1513 1417 1550 recesserunt
1433 1503 1605 1549 milites
1622 1519 1650 1549 a
1673 1501 1781 1549 loco
1809 1502 1891 1548 illo
1910 1519 1920 1547 :

490 1582 590 1645 ipse
615 1589 773 1627 autem
798 1596 882 1627 ore
907 1579 1194 1645 semiaperto
1232 1597 1494 1646 parumper
1535 1579 1658 1626 labia
1691 1596 1892 1626 movens
1910 1615 1921 1637 ‚

489 1659 639 1706 sancti
671 1659 860 1705 Martini
890 1675 1080 1724 semper
1104 1658 1349 1706 nitebatur
1381 1660 1613 1707 auxilium
1644 1659 1921 1724 implorare.

491 1736 861 1784 Discedentibus
897 1747 1058 1784 tamen
1092 1737 1198 1796 illis,
1227 1739 1385 1785 statim
1415 1738 1580 1786 solutae
1616 1748 1726 1784 sunt
1756 1753 1928 1784 manus

492 1825 537 1862 et
567 1815 711 1880 pedes
736 1815 852 1880 ejus.
890 1818 947 1862 Et
970 1816 1038 1863 sic
1070 1832 1155 1882 per
1178 1816 1381 1863 biduum
1407 1815 1649 1882 pendente
1678 1832 1754 1873 eo,
1791 1832 1924 1862 reve-

492 1893 642 1940 latum
673 1903 742 1941 est
761 1893 954 1941 cuidam
977 1894 1207 1958 religiosae
1231 1904 1283 1941 ut
1316 1911 1427 1942 eum
1464 1894 1669 1941 tolleret.
1709 1896 1827 1951 Quae
1848 1910 1927 1940 ve-

494 1971 630 2017 niens
672 1971 854 2017 invenit
886 1989 998 2018 eum
1026 1971 1187 2019 adhuc
1218 1973 1479 2019 viventem.
1514 1974 1650 2018 Tunc
1682 1970 1925 2035 adjutorio

494 2047 617 2094 beati
637 2049 826 2095 Martini
849 2049 908 2095 de
934 2049 1149 2115 patibulo
1175 2049 1448 2115 depositum
1468 2087 1478 2107 ‚
1507 2048 1799 2095 incolumem
1840 2048 1925 2095 ad-

494 2127 625 2175 duxit
645 2128 703 2175 ad
720 2129 993 2177 ecclesiam:
1020 2129 1183 2195 ibique
1201 2146 1311 2176 eum
1333 2129 1549 2176 videntes
1568 2127 1922 2193 stupescebant,

495 2214 542 2252 et
563 2205 940 2265 admirabantur,
969 2207 1181 2255 dicentes
1205 2225 1215 2253 ε
1240 2206 1501 2265 Quomodo
1526 2206 1673 2253 vivit?
1700 2208 1755 2252 Et
1779 2206 1926 2252 inter-

496 2282 728 2346 rogabant
755 2301 862 2331 euin
888 2285 1091 2350 qualiter
1111 2285 1339 2332 liberatus
1378 2294 1516 2332 esset.
1556 2283 1639 2331 llle
1665 2293 1825 2330 autem
1850 2281 1924 2328 di-

496 2358 636 2407 cebat
659 2380 668 2406 2
690 2380 711 2404 «
744 2365 908 2417 Beatus
932 2363 1160 2410 Martinus
1185 2379 1262 2410 me
1294 2363 1355 2410 de
1381 2361 1600 2428 praesenti
1632 2371 1787 2408 morte
1814 2359 1927 2408 libe-

499 2438 617 2484 ravit
636 2449 679 2485 et
699 2438 952 2503 ,hucusque
975 2440 1214 2503 perduxit.
1238 2460 1260 2483 »
1285 2443 1404 2487 Vere
1427 2439 1553 2486 hanc
1576 2456 1665 2504 ego
1699 2439 1924 2486 virtutem

500 2514 546 2560 in
568 2515 661 2562 hoc
688 2515 881 2568 homine
906 2528 1163 2577 ostensam,
1190 2519 1326 2582 juxta
1353 2535 1518 2565 sensus
1543 2519 1635 2564 mei
1667 2516 1928 2579 intelligen-

500 2593 632 2647 tiam,
660 2610 759 2640 non
789 2594 1062 2642 inferiorem
1100 2613 1291 2654 oensem
1329 2612 1475 2661 quam
1509 2606 1752 2642 mortuum
1782 2594 1926 2640 susci·

500 2681 651 2718 tatum
680 2690 689 2717 :
721 2688 866 2736 quem
904 2674 968 2718 sic
993 2673 1161 2721 beatus
1184 2674 1447 2732 confessor,
1474 2674 1740 2731 confracto,
1775 2681 1825 2717 ut
1863 2672 1924 2716 ita

500 2748 680 2806 dicam,
712 2750 877 2796 mortis
908 2749 1064 2807 hiatu,
1107 2761 1153 2798 et
1182 2751 1282 2814 ejus
1315 2750 1376 2798 ab
1413 2768 1496 2797 ore
1528 2760 1784 2797 retractum
1819 2748 1921 2793 vitm
