2028 3458
460 308 536 345 256
665 311 729 346 DE
757 310 1050 347 VIRTUTIBUS
1080 310 1251 347 SANCTI
1280 311 1659 348 MART1N1.—111.

459 399 519 447 ab
546 397 636 444 hac
657 397 928 444 infirmitate
951 406 1220 460 correptuS,
1248 415 1333 462 per
1355 399 1469 444 anni
1493 399 1698 462 spatium
1722 399 1870 444 venti—

457 477 578 523 latus
609 484 698 534 est3
740 475 822 520 sed
857 491 991 521 mens
1018 475 1180 538 iniqua
1220 492 1375 538 neque
1409 476 1659 522 tormentis
1695 474 1867 521 mutari

459 554 614 617 potuit
636 569 864 616 unquam.

1040 673 1194 707 CAPUT
1218 674 1279 709 LI.

812 757 863 789 De
881 755 1054 789 infantulo
1069 754 1273 801 Cardegisili
1294 755 1367 789 filio
1384 764 1520 790 sanato.

523 839 865 902 Cardegisilus¹
895 855 1008 885 vero
1039 839 1305 885 Santonicae
1326 841 1340 862 ²
1371 839 1501 885 urbis
1529 840 1659 899 civis,
1689 856 1867 902 cogno-

458 926 619 963 mento
643 919 788 980 Gyso,
815 917 1043 980 susceptis
1062 916 1202 962 nobis
1223 916 1283 963 ad
1308 916 1508 963 domum
1531 933 1683 974 suam,
1705 917 1869 962 invitat

457 994 519 1040 ad
544 994 805 1040 oratorium
830 994 961 1058 quod
988 1004 1139 1040 mater
1168 995 1267 1057 ejus
1291 993 1575 1040 aedificatum
1598 993 1724 1040 beati
1751 996 1867 1039 Mar-

457 1070 542 1117 tini
565 1070 775 1135 reliquiis
806 1072 1116 1118 consecravit.
1150 1072 1366 1135 Denique
1398 1088 1507 1118 cum
1540 1071 1722 1135 expleta
1760 1086 1871 1116 ora-

458 1149 587 1195 tione
606 1149 791 1195 solliciti
809 1166 1017 1195 essemus
1041 1149 1079 1195 si
1105 1148 1281 1195 ibidem
1307 1149 1457 1195 virtus
1479 1149 1630 1195 sancti
1651 1148 1869 1194 antistitis

457 1234 645 1272 ostensa
662 1225 838 1284 fuisset,
860 1225 1103 1289 respondit
1123 1244 1131 1271 :
1158 1245 1180 1268 «
1201 1228 1318 1272 Ante
1342 1242 1520 1271 annum
1546 1225 1736 1271 tertium
1755 1240 1871 1289 pue-

457 1302 587 1348 rulus
605 1302 689 1348 iste
708 1301 831 1348 filius
848 1318 999 1363 meuS,
1018 1319 1161 1365 quem
1178 1319 1339 1349 coram
1355 1302 1560 1361 cernitis,
1581 1319 1692 1348 cum
1711 1302 1869 1349 adhuc

456 1378 686 1442 penderet
709 1378 769 1424 ad
790 1379 952 1425 matris
968 1379 1209 1443 papillam,
1231 1378 1536 1426 incommode
1553 1395 1689 1442 agere
1708 1380 1864 1444 coepit,

457 1471 512 1501 ac
534 1472 619 1519 per
641 1456 831 1519 triginta
855 1455 955 1502 dies
980 1466 1058 1502 aut
1083 1473 1140 1502 eo
1172 1456 1397 1520 amplius,
1428 1457 1549 1502 inter
1575 1472 1744 1502 manus
1768 1473 1867 1502 non

456 1533 557 1579 sine
582 1532 745 1580 labore
770 1532 1133 1597 deportabatur,
1171 1534 1326 1580 donec
1358 1534 1422 1580 ita
1454 1533 1670 1581 addictus
1698 1543 1790 1594 est,
1819 1543 1870 1579 ut

458 1626 546 1656 nec
583 1609 841 1656 mamillam
876 1610 1050 1656 valeret
1083 1628 1266 1674 sugere,
1305 1611 1484 1658 nedum
1518 1612 1664 1657 alium
1700 1628 1870 1676 capere

455 1686 634 1733 cibum.
665 1685 925 1733 Deficiente
946 1697 1106 1733 autem
1130 1705 1214 1747 eo,
1238 1689 1337 1751 jam
1361 1688 1437 1735 die
1460 1698 1591 1735 sexto
1616 1698 1869 1752 postquam

456 1764 642 1827 gravius
659 1781 796 1829 agere
819 1765 977 1829 coepit,
1005 1765 1314 1830 deposuimus
1330 1783 1441 1812 eum
1462 1775 1570 1812 ante
1593 1766 1737 1813 altare
1759 1766 1870 1812 ssen-

457 1850 524 1887 tes
552 1850 692 1905 atque
716 1842 815 1904 ejus
838 1842 1024 1888 obitum
1056 1844 1395 1907 praestolantes.
1426 1846 1524 1907 Ego
1549 1853 1708 1890 autem
1732 1843 1868 1890 dolo·

456 1934 557 1964 rem
581 1935 679 1964 non
706 1919 876 1975 ferens,
902 1919 1092 1966 discessi
1115 1936 1141 1966 3
1165 1920 1330 1980 domo,
1354 1920 1586 1966 mandans
1606 1920 1791 1966 mulieri
1820 1929 1870 1966 ut

455 2011 566 2040 cum
601 1995 811 2055 obiisset,
845 1997 1003 2042 statim
1040 1997 1292 2060 sepulturae
1326 2014 1437 2043 eum
1475 1996 1669 2044 locaret.
1709 1998 1869 2043 Flente

456 2082 614 2119 autem
654 2073 894 2135 genitrice,
927 2072 1074 2135 jacuit
1115 2074 1269 2121 infans
1304 2091 1453 2138 usque
1486 2074 1548 2121 ad
1586 2091 1864 2139 vesperum3

456 2149 655 2196 cadente
672 2160 831 2196 autem
850 2150 947 2196 sole
964 2150 1115 2198 elevat
1133 2168 1299 2198 vocem
1320 2167 1472 2208 suam,
1493 2150 1655 2197 dicens
1678 2170 1686 2197 :
1714 2171 1737 2194 «
1758 2151 1869 2197 Dul-

456 2227 640 2273 cissima
662 2243 815 2285 soror,
846 2227 927 2274 ubi
949 2228 1026 2274 es?
1056 2247 1079 2272 »
1106 2229 1180 2274 Sic
1200 2229 1327 2274 enim
1352 2228 1644 2290 genitricem,
1668 2238 1719 2275 ut
1737 2228 1870 2275 blau-

456 2302 570 2349 ditia
608 2304 860 2350 infantium
900 2304 1068 2363 habet,
1097 2305 1304 2352 vocitare
1342 2305 1506 2351 solitus
1542 2316 1658 2352 erat.
1705 2309 1760 2351 At
1792 2305 1869 2351 illa

456 2380 673 2440 accurrit,
703 2380 864 2427 dicens
892 2399 902 2426 ε
932 2401 955 2425 «
983 2381 1173 2438 Adsum,
1204 2381 1267 2427 fili
1293 2381 1580 2428 dulcissime.
1610 2401 1631 2425 »
1662 2384 1869 2446 Suscep-

457 2465 600 2520 toque
637 2474 694 2503 eo
724 2458 770 2504 in
811 2457 952 2518 ulnis,
985 2467 1030 2504 et
1064 2474 1171 2504 mox
1212 2470 1426 2523 porrecta
1468 2459 1658 2523 papilla,
1697 2459 1868 2506 hausto

455 2532 576 2580 lacte
599 2534 817 2598 protinus
838 2535 1094 2581 convaluit.
1128 2555 1149 2579 υ

504 2667 557 2711 (1)
571 2665 710 2711 Laud„
730 2667 1010 2716 Chaclegi.s·ilus,
1026 2666 1087 2703 alii
1108 2666 1221 2712 (inter
1237 2679 1333 2716 quos
1349 2668 1467 2711 2204,
1490 2669 1608 2714 5335,
1628 2671 1735 2719 Sag.‚
1754 2669 1869 2714 Con.)

458 2727 743 2778 Chardegysilus
759 2731 853 2775 (R.)
879 2751 931 2757 —
951 2729 1227 2777 Cltardegisilus
1247 2731 1365 2777 3801,
1388 2732 1505 2768 5329.

509 2791 819 2838 (2)Sam·t⁰ni‹·ct‘,
842 2793 961 2836 2204,
984 2792 1101 2835 3801,
1126 2793 1244 2834 55:326,
1267 2793 1386 2841 5329,
1408 2794 1524 2835 5334,
1548 2795 1634 2841 Sag.
