2028 3458
455 238 532 275 340
824 233 891 271 DE
918 232 1104 270 GLORIA
1131 230 1485 270 CONFESSORUM
1493 259 1502 268 .

456 326 610 389 segnis
642 325 763 371 inter
785 322 1139 387 sphaeristarum
1163 319 1382 367 ordinem
1413 318 1553 365 celeri
1579 316 1739 363 volatu
1772 315 1866 362 dis-

456 403 649 450 currat?
673 404 762 447 Aut
781 410 907 447 certe
927 398 1160 463 numquid
1185 398 1357 462 poterit
1379 413 1550 443 corvus
1575 393 1868 455 nigredinem

457 497 591 527 suam
626 478 887 526 albentium
924 476 1255 523 columbarum
1290 474 1458 538 pennis
1496 473 1747 536 obtegere,
1789 480 1869 517 aut

458 556 719 603 obscuritas
740 555 875 619 picis,
902 553 1099 617 liquoris
1124 552 1261 599 lactei
1282 551 1443 598 colore
1466 550 1669 597 mutari?
1691 552 1870 613 Nempe

458 643 512 680 ut
536 634 623 679 ista
648 632 747 679 sieri
772 630 994 696 possibile
1024 647 1121 677 non
1143 640 1230 688 est,
1265 630 1327 676 ita
1359 645 1447 675 nec
1474 638 1526 674 tu
1547 628 1723 692 poteris
1746 628 1870 673 inter

458 710 710 774 scriptores
731 709 848 756 alios
870 708 1052 755 haberi.
1076 727 1096 751 »
1123 707 1214 754 Sed
1243 717 1399 754 tamen
1426 705 1729 770 respondebo
1761 705 1866 765 illis,

457 798 503 835 et
527 788 681 835 dicam
700 788 811 851 quia
838 807 858 830 c<
879 789 1013 851 Opus
1036 796 1246 832 vestrum
1267 785 1403 845 facio,
1424 793 1469 830 et
1488 800 1573 848 per
1597 800 1752 830 meam
1771 799 1870 829 rus-

458 866 684 912 ticitatem
707 875 909 912 vestram
934 864 1238 930 prudentiam
1262 861 1508 909 exercebo,
1535 864 1670 921 Nam,
1698 871 1750 907 ut
1772 861 1873 924 opi-

459 959 565 1001 nor,
589 960 739 989 unum
769 942 1054 989 beneficium
1075 940 1210 987 vobis
1230 940 1329 987 haec
1359 940 1529 1004 scripta
1555 937 1835 1003 praebebunt
1858 955 1868 983 :

458 1020 650 1079 scilicet,
673 1030 725 1067 ut
749 1020 881 1084 quod
901 1037 990 1067 nos
1012 1019 1188 1066 inculte
1211 1028 1257 1065 et
1281 1018 1489 1065 breviter
1511 1016 1631 1080 stylo
1660 1017 1874 1080 nigrante

459 1098 768 1145 describimus
785 1135 796 1157 ‚
832 1116 917 1145 vos
942 1098 1154 1163 poteritis
1181 1096 1337 1143 lucide
1362 1113 1416 1143 ac
1448 1094 1693 1159 splendide
1724 1104 1875 1142 stante

459 1192 597 1222 versu
615 1176 660 1222 in
678 1176 856 1240 paginis
871 1174 1208 1240 prolixioribus
1224 1174 1468 1221 dilatare.»
1492 1173 1636 1235 Igitur
1650 1173 1696 1218 in
1719 1174 1874 1237 primo

460 1252 619 1300 libello
643 1253 926 1299 inseruimus
945 1252 1101 1316 aliqua
1118 1252 1176 1298 de
1199 1251 1439 1298 miraculis
1459 1251 1652 1297 Domini
1671 1267 1725 1297 ac
1745 1267 1876 1297 sanc-

462 1339 621 1376 torum
665 1330 993 1395 apostolorum
1026 1329 1414 1392 reliquorumque
1445 1338 1704 1391 martyrum
1725 1364 1736 1386 ‚
1773 1345 1877 1392 quae
1944 1320 1947 1323 Δ

460 1406 694 1453 hactenus
717 1407 968 1461 latuerunt,
989 1422 1093 1470 quae
1114 1409 1237 1452 Deus
1259 1405 1317 1452 ad
1337 1404 1743 1452 corroborandam
1763 1405 1876 1452 fide-

461 1483 577 1530 lium
601 1483 744 1530 fldem
767 1483 980 1547 quotidie
1007 1483 1227 1546 dignatur
1247 1498 1444 1546 augere,
1476 1482 1588 1546 quia
1611 1482 1749 1528 valde
1772 1499 1875 1528 mo-

463 1560 634 1607 lestum
663 1571 762 1607 erat
798 1570 849 1606 ut
876 1560 1175 1607 traderentur
1196 1558 1445 1606 oblivioni.
1475 1563 1527 1605 ln
1552 1559 1764 1606 secundo
1789 1576 1876 1624 po-

465 1639 645 1686 suimus
666 1639 726 1685 de
748 1638 1002 1685 virtutibus
1024 1639 1173 1685 sancti
1195 1637 1367 1684 Juliani
1399 1638 1632 1701 martyris.
1663 1642 1879 1695 Quatuor

458 1733 579 1787 *vero
610 1715 794 1763 libellos
823 1716 882 1762 de
915 1715 1170 1763 virtutibus
1199 1716 1348 1763 sancti
1381 1717 1585 1763 Martini.
1614 1717 1877 1782 Septimum

465 1793 525 1841 de
563 1794 885 1858 quorumdam
923 1793 1243 1840 feliciosorum
1267 1796 1277 1818 ¹
1314 1794 1425 1841 vita.
1475 1797 1708 1840 Octavum
1750 1793 1879 1840 hunc

466 1876 714 1923 scribimus
742 1875 802 1923 de
823 1876 1059 1923 miraculis
1080 1877 1425 1936 consessorum,
1452 1877 1699 1942 specialius
1721 1877 1879 1940 legen-

471 1963 564 2000 tem
583 1964 848 2017 poscentes‚
877 1964 928 2001 ut
958 1955 1070 2019 quia
1098 1954 1255 2013 nobis,
1288 1964 1339 2001 ut
1371 1971 1492 2019 saepe
1516 1956 1670 2002 testati
1694 1971 1875 2012 sumus,

470 2047 557 2077 nec
579 2031 690 2077 artis
716 2032 958 2095 ingenium
984 2032 1269 2097 suppeditat,
1296 2049 1384 2078 nec
1407 2049 1683 2079 sermonum
1716 2033 1880 2079 sacun-

470 2106 547 2153 dia
565 2107 713 2170 juvat,
740 2109 926 2155 veniam
948 2109 1197 2156 temeritati
1217 2108 1417 2156 libenter
1435 2110 1675 2173 indulgeat
1697 2128 1707 2156 :
1734 2126 1877 2174 quem

471 2200 569 2231 non
590 2184 815 2247 jactantia
836 2186 1091 2234 mundialis
1116 2187 1251 2249 erigit
1270 2196 1320 2233 ut
1342 2187 1531 2246 scribat,
1554 2188 1637 2234 sed
1659 2188 1882 2253 deprimit

471 2261 629 2325 pudor
650 2273 702 2310 ut
723 2263 877 2323 sileat,
906 2281 1040 2311 amor
1062 2265 1298 2327 timorque
1321 2264 1490 2312 Christi
1513 2266 1711 2331 impellit
1734 2276 1785 2314 ut
1809 2284 1880 2315 re-

471 2339 604 2386 serat.
633 2342 689 2386 Et
717 2342 942 2404 quoniam
966 2342 1173 2407 primum
1207 2341 1417 2389 libellum
1441 2343 1500 2390 de
1525 2344 1718 2390 Domini
1743 2345 1881 2391 mira-

472 2416 588 2463 culis
611 2417 850 2477 inchoavi,
876 2418 1017 2465 velim
1040 2429 1085 2466 et
1107 2419 1220 2465 huic
1242 2417 1400 2466 libello
1420 2421 1480 2467 de
1504 2432 1777 2470 sanctorum
1801 2439 1880 2469 an-

472 2493 685 2555 gelorum
707 2496 958 2543 virtutibus
980 2495 1208 2544 adhibere
1231 2498 1535 2563 principium.

523 2645 577 2691 (1)
595 2643 716 2690 Laud.
740 2652 776 2682 et
795 2644 890 2683 Bell.
911 2658 998 2683 cum
1020 2644 1119 2694 Bal„
1139 2647 1409 2698 religiosorum.
1434 2647 1515 2700 (R.)
