2028 3458
431 244 510 280 282
638 243 706 278 DE
736 240 1025 278 VIRTUTIBUS
1053 239 1226 277 SANCTI
1255 239 1480 275 MARTINI.
1498 259 1548 266 —-
1573 239 1640 275 IV.

431 329 665 376 offensam
687 327 839 374 sancti
862 326 1080 373 antistitis
1102 326 1371 373 incurratis.
1399 325 1575 373 Omnia
1598 324 1727 371 enim
1750 340 1856 387 quae

431 406 481 454 in
502 405 597 452 hoc
618 404 862 452 habentur
885 403 1006 451 atrio
1029 403 1120 467 ipsi
1144 412 1326 470 sacrata
1337 412 1465 450 sunt.
1495 405 1634 451 »Hoc
1656 400 1855 448 audiens

432 499 557 530 unus
577 498 865 547 puerorum,
891 480 956 528 ait
984 480 1110 527 intra
1132 496 1182 527 se
1203 498 1214 526 ε
1246 500 1269 524 «
1297 484 1469 528 Utrum
1499 480 1594 527 sint
1618 479 1719 527 haec
1741 478 1854 525 huic

431 569 597 607 sancto
620 568 804 606 sacrata
825 575 887 605 an
910 574 1031 618 non,
1051 558 1241 621 ignoro.
1269 561 1426 605 Unum
1442 558 1560 618 scio,
1580 557 1716 622 quod
1737 557 1855 604 deli-

431 635 616 683 beratio
639 636 788 682 animi
804 635 900 682 mei
917 644 988 682 est
1011 634 1072 682 ab
1093 634 1168 682 his
1187 634 1332 681 vesci.
1360 653 1383 678 >2
1409 637 1467 682 Et
1487 635 1664 695 statim,
1685 634 1858 698 injecta

434 730 597 775 manu,
624 713 829 761 caudam
850 711 1087 759 botrionis
1111 712 1256 777 coepit
1278 710 1514 772 incidere,
1540 712 1856 777 protinusque

434 790 626 838 dextera
660 791 762 855 ejus
792 790 1038 840 adhaerens
1070 806 1287 850 camerae,
1318 798 1482 837 arente
1514 788 1715 850 lacerto,
1742 789 1858 836 diri·-

435 869 552 932 guit.
581 871 693 916 Erat
713 868 844 916 enim
867 869 1042 915 mimus
1064 868 1204 932 regis,
1230 868 1313 932 qui
1335 867 1379 914 ei
1403 884 1489 932 per
1512 866 1658 914 verba
1678 866 1860 930 jocula-

434 947 504 994 ria
527 946 737 994 laetitiam
760 955 862 994 erat
883 945 1051 993 solitus
1076 945 1297 992 excitare.
1331 944 1425 991 Sed
1450 960 1550 991 non
1575 960 1687 990 eum
1712 942 1860 1006 adju—

437 1024 502 1071 vit
521 1023 786 1071 cachinnus
809 1023 997 1088 aliquis,
1019 1040 1177 1088 neque
1190 1022 1481 1087 praestigium
1502 1021 1614 1068 artis
1632 1037 1726 1068 suae
1743 1039 1755 1079 ;
1773 1019 1859 1067 sed

436 1109 636 1164 cogente
656 1100 844 1161 dolore,
867 1117 1010 1148 voces
1028 1100 1143 1148 dare
1166 1101 1313 1165 coepit
1327 1116 1383 1147 ac
1399 1099 1559 1146 dicere
1579 1116 1590 1145 ι
1615 1118 1638 1144 «
1662 1100 1862 1145 Succur-

437 1178 550 1238 rite‚
576 1178 689 1236 viri,
716 1179 918 1239 misero,
945 1177 1193 1225 subvenite
1221 1193 1479 1242 oppreSSO‚
1502 1176 1618 1224 ferte
1641 1175 1858 1223 levamen

438 1272 670 1321 appenso,
696 1266 744 1303 et
771 1257 922 1303 sancti
950 1257 1167 1304 antistitis
1193 1256 1382 1303 Martini
1408 1256 1634 1302 virtutem
1670 1271 1757 1317 pro
1784 1270 1860 1299 me

438 1333 781 1398 deprecamini,
807 1335 889 1398 qui
910 1335 991 1381 tali
1010 1334 1137 1381 exitu
1159 1334 1365 1394 crucior,
1391 1333 1473 1380 tali
1497 1328 1633 1397 plaga
1656 1332 1859 1393 affligor,

439 1410 520 1458 tali
557 1412 790 1458 incisione
822 1411 1088 1475 disjungor.
1115 1432 1138 1455 2>
1167 1414 1391 1476 Egressus
1414 1426 1608 1474 quoque
1628 1425 1726 1468 rex,
1751 1425 1862 1454 cum

440 1505 542 1535 rem
572 1506 678 1553 quae
713 1499 819 1537 acta
848 1489 1002 1536 fuerat
1039 1489 1295 1550 didicisset,
1334 1498 1467 1535 tanto
1502 1487 1661 1533 furore
1696 1495 1864 1532 contra

424 1583 644 1632 puerum
667 1576 736 1614 est
756 1583 1002 1626 accensus,
1028 1576 1081 1613 ut
1104 1567 1206 1630 ejus
1229 1583 1401 1613 manus
1422 1565 1565 1613 vellet
1586 1564 1860 1624 abscidere,

440 1644 481 1691 si
502 1662 531 1692 a
550 1645 648 1692 suis
667 1643 940 1710 prohibitus
956 1661 1056 1691 non
1076 1644 1255 1692 suisset.
1275 1642 1554 1690 Dicentibus
1569 1651 1727 1688 tamen
1751 1658 1871 1705 prae-

441 1721 776 1769 terea·famulis
798 1739 809 1767 ε
841 1741 864 1765 <t
891 1722 1016 1783 Noli,
1043 1738 1072 1769 ο
1094 1738 1196 1782 rex,
1217 1720 1401 1784 judicio
1430 1720 1516 1767 Dei
1540 1728 1672 1765 tuam
1695 1717 1865 1782 adjun-

442 1814 552 1860 gere
575 1798 827 1859 ultionem‚
849 1815 911 1846 ne
930 1799 1053 1846 forte
1074 1798 1298 1862 injuriam
1316 1813 1463 1862 quam
1479 1795 1675 1860 minaris
1692 1811 1862 1859 puero,

441 1876 490 1922 in
511 1885 559 1923 te
581 1886 876 1941 retorqueas.
903 1896 927 1921 >³
962 1879 1094 1923 Tunc
1127 1875 1207 1923 ille
1237 1883 1557 1940 compunctus
1590 1873 1762 1929 corde,
1790 1872 1867 1918 in-

443 1969 629 2016 gressus
648 1953 910 2015 basilicam,
929 1962 1195 2018 prostratus
1210 1968 1376 2000 coram
1395 1961 1561 1999 sancto
1578 1949 1732 2009 altari,
1754 1966 1866 1996 cum

440 2023 664 2095 lacrymis
686 2047 852 2096 preces
875 2030 999 2079 fudit
1020 2030 1081 2078 ad
1105 2030 1371 2077 Dominum
1401 2046 1412 2075 ι
1440 2045 1531 2076 nec
1554 2038 1663 2076 ante
1688 2044 1715 2075 a
1736 2028 1867 2092 pavi-

444 2118 610 2155 mento
644 2108 868 2167 surrexit,
895 2123 1041 2172 quam
1074 2107 1254 2155 flumen
1281 2105 1536 2153 oculorum
1563 2105 1709 2169 hujus
1733 2105 1866 2170 pagi-

444 2201 559 2232 nam
582 2184 742 2231 delicti
766 2184 962 2232 deleret.
995 2187 1106 2243 Quo
1129 2200 1157 2231 a
1179 2184 1373 2231 vinculo
1402 2199 1500 2246 quo
1531 2199 1682 2230 nexus
1717 2182 1869 2229 fuerat

445 2260 686 2321 absoluto,
713 2278 768 2309 ac
791 2262 840 2308 in
859 2261 1104 2310 basilicam
1119 2262 1349 2326 ingresso,
1370 2277 1453 2308 rex
1469 2260 1677 2308 elevatur
1699 2277 1725 2307 a
1741 2260 1864 2318 solo,

446 2348 493 2387 et
522 2340 590 2387 sic
614 2339 850 2405 recipiens
870 2339 1163 2388 incolumem
1187 2339 1419 2387 famulum
1442 2338 1672 2404 palatium
1695 2337 1867 2403 repeti-

446 2418 529 2465 vit.
555 2417 832 2465 Testabatur
851 2428 1011 2465 autem
1028 2418 1182 2482 major
1198 2417 1419 2483 praefatus
1443 2416 1544 2463 haec
1567 2433 1615 2463 se
1639 2417 1701 2463 ab
1720 2416 1868 2481 ipsius

446 2496 568 2561 regis
590 2496 820 2544 relatione
837 2534 849 2557 ,
877 2497 998 2543 sicut
1021 2505 1181 2543 actum
1213 2496 1539 2556 narravimus,
1565 2493 1865 2557 cognovisse.

447 2575 524 2621 Sic
547 2574 676 2622 enim
700 2573 935 2639 gloriosus
958 2573 1173 2639 pontifex
1196 2590 1332 2620 suam
1355 2572 1556 2620 illustrat
1586 2570 1755 2620 urbem
1780 2570 1867 2617 mi-

449 2651 712 2712 1·aculis,-ut
735 2650 898 2699 deesse
921 2668 1019 2698 non
1039 2651 1267 2698 sentiatur
1290 2650 1469 2698 alienis.
