2028 3458
426 240 501 277 330
643 240 709 276 DE
738 239 1030 276 VIRTUTIBUS
1057 240 1229 277 SANCTI
1258 241 1536 279 MARTINL—
1551 242 1616 277 IV.

425 329 549 375 ricus
574 326 819 392 presbyter
840 327 972 374 alteri
996 343 1148 391 puero
1168 327 1448 375 febricitanti
1474 329 1685 375 studium
1708 329 1843 377 adhi-

425 405 541 452 bens
580 404 827 463 subvenit,
868 414 915 451 et
951 403 1028 452 ille
1065 406 1283 469 protinus
1320 423 1404 471 per
1442 407 1663 454 virtutem
1695 408 1846 453 sancti

425 483 554 530 febre
577 499 743 530 carens
765 482 1024 530 convaluit.

983 638 1139 674 CAPUT
1163 638 1296 673 XLIV.

928 736 980 769 De
995 734 1175 782 Principio
1191 742 1342 771 amente.

494 827 780 892 Principius¹
813 826 1010 891 quidam
1033 827 1105 874 vir
1130 826 1307 887 bonus,
1339 828 1677 874 Petrocoricae’
1713 829 1845 876 urbis

424 904 567 962 civis,
593 906 850 951 amentiam
876 904 1038 951 nescio
1063 919 1207 967 quam
1231 904 1483 950 incurrisse
1502 904 1775 969 putabatur,
1801 915 1847 952 et

426 991 521 1028 tam
546 982 750 1044 graviter
766 968 992 1045 agebatur
1007 981 1268 1040 interdum,
1291 991 1343 1028 ut
1362 981 1421 1027 de
1444 998 1587 1028 sensu
1606 982 1847 1029 videretur

426 1058 658 1106 excidere.
695 1058 836 1116 Quod
865 1075 976 1105 cum
1003 1059 1164 1106 multis
1188 1059 1433 1106 mensibus
1454 1059 1697 1124 perferret,
1724 1059 1847 1106 beati

426 1136 647 1183 antistitis
685 1135 929 1183 basilicam
977 1136 1201 1201 expetivit
1224 1157 1236 1196 3
1283 1136 1444 1200 ibique
1460 1171 1472 1192 ,
1519 1147 1570 1183 ut
1613 1136 1842 1197 arbitror,

427 1223 634 1276 quatuor
653 1213 863 1260 residens
887 1230 1090 1274 menses,
1118 1213 1361 1261 abstinens
1381 1231 1430 1261 se
1455 1230 1482 1261 a
1500 1213 1611 1261 cibo
1632 1216 1847 1262 carnium

426 1307 481 1337 ac
503 1292 633 1348 vino,
660 1290 849 1355 adjutus
871 1291 1156 1338 confessoris
1178 1290 1305 1338 beati
1332 1291 1572 1357 praesidio,
1593 1292 1846 1338 incolumis

427 1368 594 1415 domui
617 1384 711 1415 suae
730 1369 972 1415 restitutus
995 1378 1081 1415 est.

986 1533 1145 1570 CAPUT
1170 1534 1282 1568 XLV.

891 1630 939 1666 De
955 1628 1131 1665 Leodulfo
1149 1641 1241 1665 coeco
1259 1638 1395 1665 sanato.

492 1718 549 1763 Et
571 1715 682 1779 quia
703 1715 938 1762 rusticitas
962 1715 1245 1776 hominum,
1279 1714 1396 1762 dum
1421 1731 1590 1780 parum
1625 1716 1847 1781 praedica-

426 1794 605 1841 tionem
645 1794 987 1841 sacerdotalem
1024 1794 1261 1858 sequitur,
1300 1794 1401 1858 ipsa
1437 1811 1487 1841 se
1522 1805 1754 1860 praeparat
1786 1795 1845 1842 ad

426 1872 513 1918 Dei
544 1872 797 1929 offensam,
834 1871 964 1936 quod
990 1888 1144 1936 nuper
1168 1881 1351 1938 gestum
1377 1871 1464 1918 fuit
1492 1872 1693 1920 edicam.
1729 1875 1846 1921 Leo-

426 1949 611 1996 dulfus³
640 1949 852 2013 quidam,
877 1949 1091 2013 Biturigae
1114 1948 1245 1996 urbis
1262 1948 1432 2008 homo,
1456 1966 1566 1997 cum
1593 1950 1754 1997 fenum
1779 1968 1848 1998 se—

425 2027 623 2087 cuisset,
661 2036 878 2074 metuens
902 2043 962 2074 ne
991 2026 1199 2074 adventu
1226 2027 1400 2091 pluviae
1429 2027 1661 2074 venientis
1686 2028 1845 2076 insun-

426 2103 619 2151 deretur
635 2114 680 2151 et
694 2104 909 2152 laborem
926 2121 1065 2152 suum
1083 2103 1318 2169 perderet,
1351 2103 1426 2150 die
1441 2104 1686 2152 dominico
1707 2122 1846 2153 mane

422 2181 598 2244 junctis
629 2181 784 2229 bobus
811 2181 870 2228 ad
905 2192 1094 2246 pratum
1115 2181 1311 2240 direxit,
1343 2197 1398 2228 ac
1414 2198 1558 2246 super
1580 2181 1845 2247 plaustrum

428 2258 589 2304 fenum
623 2258 944 2322 agglomerare
970 2259 1113 2324 coepit
1143 2276 1152 2304 :
1194 2259 1446 2323 statimque
1477 2275 1560 2324 pes
1590 2259 1691 2322 ejus
1721 2277 1846 2306 unus

426 2336 559 2400 quasi
584 2335 755 2383 ardens
780 2337 822 2382 ei
845 2337 968 2384 visus
997 2346 1090 2396 est,
1131 2352 1462 2400 regressusque
1494 2336 1556 2383 ad
1584 2335 1843 2402 hospitium

426 2410 582 2471 suum,
611 2414 789 2479 quievit
813 2413 874 2461 ab
900 2430 1061 2479 opere.
1087 2415 1197 2460 Post
1216 2414 1463 2461 missarum
1483 2431 1597 2462 vero
1616 2415 1846 2463 solemnia

429 2529 610 2538 ...σ--ᾑ-

483 2608 536 2654 (1)
559 2605 658 2644 Editi
682 2619 769 2644 cum
803 2607 909 2654 Gat.,
930 2609 1160 2656 Praecipuus.
1192 2610 1272 2655 (R.)

482 2669 536 2715 (2)
557 2669 816 2719 Petragoricae,
849 2670 943 2707 3801
964 2700 975 2716 ,
997 2671 1115 2718 5326,
1139 2672 1258 2711 5329.
1280 2672 1388 2720 Sag„
1410 2671 1508 2707 Cott.

480 2732 533 2778 (3)
553 2732 778 2782 Leudulfus,
802 2733 920 2779 5329,
939 2733 1062 2779 Cott.;
1088 2733 1309 2783 Tcudulsus,
1332 2735 1419 2784 Sag.
