2028 3458
410 307 486 344 178
622 308 688 344 DE
715 307 1008 345 VIRTU'I'IBUS
1036 308 1210 346 SANCTI
1241 310 1463 347 MARTINI.
1488 331 1542 338 —
1559 312 1611 348 11.

408 412 522 460 ergo
558 397 930 459 Bajocassensis¹
963 397 1106 458 civis,
1142 396 1260 444 dum
1288 398 1401 445 vino
1429 399 1633 445 nimium
1655 397 1829 445 hausto

407 474 624 521 turbatus
643 491 729 538 per
751 475 878 521 viam
903 474 1168 534 incederet,
1195 474 1354 522 subito
1384 475 1583 522 diversis
1604 475 1830 521 flantibus

404 552 555 599 ventis
577 551 732 616 pulvis
754 552 913 616 campi
936 562 1287 613 commovetur,
1316 563 1363 600 et
1385 553 1577 612 mixtuS,
1609 562 1660 599 ut
1686 552 1825 612 solet,

403 645 515 675 cum
563 628 751 693 stipulis
799 628 846 674 in
887 627 1093 675 sublime
1131 627 1339 689 levatur,
1388 628 1537 692 fitque
1579 638 1706 675 totus
1746 644 1827 674 aer

403 722 497 752 una
519 705 672 752 nubes
692 705 921 770 pulveriS‚
942 705 1004 752 de
1018 722 1114 769 qua
1138 705 1218 752 hic
1235 715 1448 769 opertus,
1466 706 1641 752 amisso
1665 722 1825 766 sensu,

399 799 524 846 equo
554 782 790 846 dejicitur.
831 783 978 846 Igitur
1006 791 1116 848 post
1140 782 1389 847 paululum
1426 799 1454 830 a
1480 783 1575 829 suis
1606 783 1829 829 inventus

397 859 601 907 domum
646 859 950 907 turbulentus
995 860 1267 907 adducitur.
1307 859 1430 906 Hinc
1458 859 1647 907 effrenis
1678 860 1828 906 factus

396 936 662 984 conabatur
692 937 872 1000 fugere,
896 937 1091 984 nemine
1124 947 1459 1002 persequente.
1491 937 1619 994 Quid
1653 938 1827 1003 plura?

396 1018 615 1062 Arctatur
636 1014 856 1074 vinculis,
888 1015 1186 1080 constipatur
1224 1016 1420 1073 catenis,
1450 1024 1496 1062 et
1534 1015 1582 1061 in
1609 1016 1828 1063 custodia

396 1091 655 1139 detinetur.
706 1092 798 1149 Qui
842 1091 1067 1140 dentibus
1107 1093 1314 1140 fremens
1359 1091 1424 1138 ob
1469 1102 1689 1156 negatam
1736 1092 1826 1139 sibi

396 1170 514 1234 fugae
535 1169 823 1230 libertatem,
849 1171 1056 1236 propriis
1078 1188 1129 1218 se
1155 1170 1394 1217 morsibus
1414 1170 1669 1218 lacerabat.
1695 1173 1826 1217 Dum

391 1257 554 1294 autem
593 1247 695 1295 haec
737 1257 1014 1312 agerentur,
1066 1249 1300 1296 admoniti
1337 1258 1557 1313 parentes
1591 1248 1652 1295 ad
1690 1248 1818 1295 beati

396 1341 508 1377 eum
554 1324 801 1372 basilicam
842 1325 1171 1390 perduxerunt
1211 1345 1221 1372 ε
1267 1325 1428 1390 ibique
1476 1326 1695 1372 oratione
1738 1343 1824 1390 per

395 1398 595 1462 longum
642 1408 832 1464 ternpus
879 1399 995 1447 facta
1043 1417 1187 1447 sanus
1229 1400 1482 1460 abscessit,
1540 1415 1719 1445 vovens
1773 1410 1824 1446 ut

393 1476 590 1540 singulis
619 1477 759 1524 annis
793 1478 1005 1535 veniens,
1036 1488 1150 1526 vota
1185 1489 1351 1525 sancto
1384 1477 1605 1525 redderet
1634 1475 1823 1524 conses-

395 1555 508 1602 sori.
536 1555 721 1603 Deinde
757 1555 818 1603 ad
849 1556 1194 1602 monasterium
1229 1556 1317 1602 sibi
1342 1556 1637 1622 proximum,
1664 1557 1823 1603 humi-

393 1632 516 1695 liatis
531 1633 731 1698 capillis,
747 1649 802 1680 ac
812 1633 1061 1698 presbyter
1074 1633 1341 1695 ordinatus,
1356 1635 1502 1698 coepit
1512 1637 1614 1681 Dec
1629 1645 1822 1682 strenue

393 1709 651 1769 deservire,
677 1727 778 1758 non
803 1721 964 1758 tamen
990 1710 1198 1758 reddens
1225 1727 1330 1775 quae
1364 1712 1652 1777 promiserat
1675 1711 1819 1760 beato

393 1787 626 1852 pontifici.
664 1790 848 1846 Quarto
883 1788 1027 1852 igitur
1052 1804 1201 1848 anno,
1240 1789 1352 1836 data
1377 1799 1430 1836 ut
1463 1789 1611 1837 credo
1647 1792 1821 1837 iterum

392 1864 590 1912 inimico
621 1865 670 1912 in
697 1881 809 1912 eum
837 1875 1091 1930 potestate,
1123 1883 1316 1913 rursum
1338 1867 1442 1925 ,ruit
1470 1868 1519 1914 in
1559 1867 1821 1915 redivivam

395 1943 671 2003 amentiam,
699 1952 747 1990 et
768 1943 1070 2005 constrictus,
1096 1953 1149 1990 ut
1172 1943 1323 1991 suerat
1346 1945 1498 2009 prius,
1524 1946 1728 2002 catenis,
1760 1945 1820 1992 ad

392 2030 605 2067 sanctam
634 2020 879 2067 reducitur
902 2020 1076 2067 aedem:
1098 2020 1181 2067 ubi
1202 2037 1288 2085 per
1308 2038 1389 2068 sex
1413 2021 1554 2080 dies’,
1581 2031 1629 2068 et
1648 2038 1707 2068 eo
1723 2037 1820 2068 am-

392 2096 534 2160 plius,
574 2097 752 2161 degens
787 2097 836 2143 in
872 2097 1043 2160 vigiliis
1077 2107 1122 2144 et
1154 2097 1470 2158 orationibus,
1520 2108 1566 2144 et
1611 2097 1818 2144 reddens

393 2190 498 2236 quae
517 2175 646 2239 prius
670 2175 840 2238 ignave
864 2174 1180 2231 fraudaverat,
1202 2190 1346 2221 sanus
1375 2175 1578 2222 domum
1606 2175 1819 2238 regredi-

393 2259 486 2298 tur.
513 2251 606 2298 Sed
630 2252 837 2316 peccatis
860 2251 1161 2312 facientibus,
1185 2253 1358 2299 iterum
1385 2253 1500 2299 vino
1524 2253 1693 2317 saepius
1714 2270 1817 2299 ma-

392 2327 619 2387 defactus,
638 2328 686 2374 in
705 2327 874 2374 eadem
891 2327 1195 2375 tribulatione
1215 2327 1352 2375 obiit.

444 2509 498 2555 (1)
520 2508 612 2559 Sup.
635 2509 729 2555 748,
745 2510 1024 2556 Baj0casinsi53
1046 2519 1132 2558 sup.
1154 2508 1231 2546 243
1245 2508 1510 2555 Baicasensis;
1524 2509 1624 2546 Cott.
1645 2512 1813 2557 Bajoca-

390 2577 524 2612 censis.

439 2641 494 2688 (2)
519 2638 639 2688 Colb.¹
657 2647 753 2688 tut.,
781 2638 882 2677 Clar.
900 2668 910 2685 ‚
944 2639 1041 2677 Vict.
1069 2637 1207 2690 (2204,
1229 2640 1352 2691 Sag.),
1378 2653 1456 2690 per
1474 2652 1543 2676 sex
1572 2652 1716 2680 menses
1739 2648 1807 2675 aut

388 2718 455 2750 eo;
475 2705 616 2753 Laud.,
638 2704 734 2743 Bell.
758 2712 795 2743 et
814 2703 924 2743 Colb.
945 2717 988 2752 a,
1007 2717 1082 2755 per
1096 2718 1165 2742 sex
1183 2718 1327 2742 menses
1345 2715 1413 2742 aut
1432 2707 1526 2743 dies.
1548 2708 1628 2754 (R.)
