<?xml version="1.0" encoding="UTF-8"?>
<!DOCTYPE html PUBLIC "-//W3C//DTD XHTML 1.0 Transitional//EN"
    "http://www.w3.org/TR/xhtml1/DTD/xhtml1-transitional.dtd">
<html xmlns="http://www.w3.org/1999/xhtml" xml:lang="en" lang="en">
 <head>
  <title>
</title>
<meta http-equiv="Content-Type" content="text/html;charset=utf-8" />
  <meta name='ocr-system' content='tesseract 3.04.00' />
  <meta name='ocr-capabilities' content='ocr_page ocr_carea ocr_par ocr_line ocrx_word'/>
</head>
<body>
  <div class='ocr_page' id='page_1' title='image "./leslivresdesmira02greguoft_0024.png"; bbox 0 0 2028 3458; ppageno 0'>
   <div class='ocr_carea' id='block_1_1' title="bbox 441 277 1629 325">
    <p class='ocr_par' dir='ltr' id='par_1_1' title="bbox 441 277 1629 325">
     <span class='ocr_line' id='line_1_1' title="bbox 441 277 1629 325; baseline -0.01 0"><span class='ocrx_word' id='word_1_1' title='bbox 441 290 464 325; x_wconf 90' lang='lat'>8</span> <span class='ocrx_word' id='word_1_2' title='bbox 660 285 728 322; x_wconf 88' lang='lat' dir='ltr'>DE</span> <span class='ocrx_word' id='word_1_3' title='bbox 755 282 1046 321; x_wconf 85' lang='lat' dir='ltr'>VIRTUTIBUS</span> <span class='ocrx_word' id='word_1_4' title='bbox 1078 280 1252 318; x_wconf 78' lang='lat' dir='ltr'>SANCTI</span> <span class='ocrx_word' id='word_1_5' title='bbox 1278 277 1503 316; x_wconf 82' lang='lat' dir='ltr'>MARTINI.</span> <span class='ocrx_word' id='word_1_6' title='bbox 1524 297 1578 306; x_wconf 89' lang='lat'><em>—</em></span> <span class='ocrx_word' id='word_1_7' title='bbox 1595 278 1629 315; x_wconf 94' lang='lat' dir='ltr'>I.</span> 
     </span>
    </p>
   </div>
   <div class='ocr_carea' id='block_1_2' title="bbox 1030 431 1259 469">
    <p class='ocr_par' dir='ltr' id='par_1_2' title="bbox 1030 431 1259 469">
     <span class='ocr_line' id='line_1_2' title="bbox 1030 431 1259 469; baseline -0.013 0"><span class='ocrx_word' id='word_1_8' title='bbox 1030 431 1185 469; x_wconf 82' lang='lat' dir='ltr'>CAPUT</span> <span class='ocrx_word' id='word_1_9' title='bbox 1209 432 1259 466; x_wconf 87' lang='lat'>11.</span> 
     </span>
    </p>
   </div>
   <div class='ocr_carea' id='block_1_3' title="bbox 604 526 1677 578">
    <p class='ocr_par' dir='ltr' id='par_1_3' title="bbox 604 526 1677 578">
     <span class='ocr_line' id='line_1_3' title="bbox 604 526 1677 578; baseline -0.006 -10"><span class='ocrx_word' id='word_1_10' title='bbox 604 532 712 578; x_wconf 87' lang='lat' dir='ltr'>Quod</span> <span class='ocrx_word' id='word_1_11' title='bbox 729 530 886 567; x_wconf 87' lang='lat' dir='ltr'>eamdem</span> <span class='ocrx_word' id='word_1_12' title='bbox 901 529 1009 566; x_wconf 79' lang='lat' dir='ltr'>vitam</span> <span class='ocrx_word' id='word_1_13' title='bbox 1023 529 1145 563; x_wconf 77' lang='lat' dir='ltr'>beatus</span> <span class='ocrx_word' id='word_1_14' title='bbox 1162 526 1329 562; x_wconf 76' lang='lat' dir='ltr'>Paulinus</span> <span class='ocrx_word' id='word_1_15' title='bbox 1343 537 1447 561; x_wconf 77' lang='lat' dir='ltr'>versu</span> <span class='ocrx_word' id='word_1_16' title='bbox 1463 526 1677 574; x_wconf 73' lang='lat' dir='ltr'><strong>composuit.</strong></span> 
     </span>
    </p>
   </div>
   <div class='ocr_carea' id='block_1_4' title="bbox 440 638 1866 2419">
    <p class='ocr_par' dir='ltr' id='par_1_4' title="bbox 440 638 1860 1407">
     <span class='ocr_line' id='line_1_4' title="bbox 507 638 1850 708; baseline -0.004 -13"><span class='ocrx_word' id='word_1_17' title='bbox 507 647 729 695; x_wconf 89' lang='lat' dir='ltr'>Paulinus</span> <span class='ocrx_word' id='word_1_18' title='bbox 751 660 942 708; x_wconf 90' lang='lat' dir='ltr'>quoque</span> <span class='ocrx_word' id='word_1_19' title='bbox 966 642 1132 692; x_wconf 87' lang='lat' dir='ltr'>beatus</span> <span class='ocrx_word' id='word_1_20' title='bbox 1149 678 1161 702; x_wconf 95' lang='lat'>,</span> <span class='ocrx_word' id='word_1_21' title='bbox 1188 639 1404 688; x_wconf 86' lang='lat' dir='ltr'>Nolanae¹</span> <span class='ocrx_word' id='word_1_22' title='bbox 1423 638 1555 688; x_wconf 89' lang='lat' dir='ltr'>urbis</span> <span class='ocrx_word' id='word_1_23' title='bbox 1575 640 1850 707; x_wconf 87' lang='lat' dir='ltr'>episcopus,</span> 
     </span>
     <span class='ocr_line' id='line_1_5' title="bbox 440 717 1855 792; baseline -0.004 -19"><span class='ocrx_word' id='word_1_24' title='bbox 440 735 548 792; x_wconf 91' lang='lat' dir='ltr'>post</span> <span class='ocrx_word' id='word_1_25' title='bbox 580 725 777 789; x_wconf 89' lang='lat' dir='ltr'>scriptos</span> <span class='ocrx_word' id='word_1_26' title='bbox 806 738 966 770; x_wconf 90' lang='lat' dir='ltr'>versus</span> <span class='ocrx_word' id='word_1_27' title='bbox 993 721 1052 768; x_wconf 89' lang='lat' dir='ltr'>de</span> <span class='ocrx_word' id='word_1_28' title='bbox 1073 717 1324 767; x_wconf 86' lang='lat' dir='ltr'>virtutibus</span> <span class='ocrx_word' id='word_1_29' title='bbox 1350 717 1625 784; x_wconf 34' lang='lat' dir='ltr'>ejus,·quas</span> <span class='ocrx_word' id='word_1_30' title='bbox 1657 720 1855 768; x_wconf 86' lang='lat' dir='ltr'>Severus</span> 
     </span>
     <span class='ocr_line' id='line_1_6' title="bbox 440 794 1856 868; baseline -0.003 -19"><span class='ocrx_word' id='word_1_31' title='bbox 440 818 581 868; x_wconf 89' lang='lat' dir='ltr'>prosa</span> <span class='ocrx_word' id='word_1_32' title='bbox 598 800 872 865; x_wconf 83' lang='lat' dir='ltr'>complexus</span> <span class='ocrx_word' id='word_1_33' title='bbox 894 808 984 859; x_wconf 87' lang='lat' dir='ltr'>est,</span> <span class='ocrx_word' id='word_1_34' title='bbox 1007 798 1217 862; x_wconf 89' lang='lat' dir='ltr'>quinque</span> <span class='ocrx_word' id='word_1_35' title='bbox 1243 795 1413 857; x_wconf 91' lang='lat' dir='ltr'>libros,</span> <span class='ocrx_word' id='word_1_36' title='bbox 1436 794 1515 843; x_wconf 84' lang='lat' dir='ltr'>illa</span> <span class='ocrx_word' id='word_1_37' title='bbox 1536 796 1856 862; x_wconf 88' lang='lat' dir='ltr'>comprehen-</span> 
     </span>
     <span class='ocr_line' id='line_1_7' title="bbox 441 873 1853 942; baseline -0.002 -17"><span class='ocrx_word' id='word_1_38' title='bbox 441 879 510 925; x_wconf 88' lang='lat' dir='ltr'>dit</span> <span class='ocrx_word' id='word_1_39' title='bbox 530 877 756 925; x_wconf 89' lang='lat' dir='ltr'>miracula</span> <span class='ocrx_word' id='word_1_40' title='bbox 769 893 873 942; x_wconf 88' lang='lat' dir='ltr'>quae</span> <span class='ocrx_word' id='word_1_41' title='bbox 888 886 995 941; x_wconf 84' lang='lat' dir='ltr'>post</span> <span class='ocrx_word' id='word_1_42' title='bbox 1009 875 1109 939; x_wconf 91' lang='lat' dir='ltr'>ejus</span> <span class='ocrx_word' id='word_1_43' title='bbox 1131 883 1259 937; x_wconf 85' lang='lat' dir='ltr'>gesta</span> <span class='ocrx_word' id='word_1_44' title='bbox 1278 882 1390 920; x_wconf 89' lang='lat' dir='ltr'>sunt</span> <span class='ocrx_word' id='word_1_45' title='bbox 1411 873 1678 935; x_wconf 85' lang='lat' dir='ltr'>transitum,</span> <span class='ocrx_word' id='word_1_46' title='bbox 1698 874 1748 921; x_wconf 95' lang='lat' dir='ltr'>id</span> <span class='ocrx_word' id='word_1_47' title='bbox 1768 885 1853 938; x_wconf 85' lang='lat' dir='ltr'>est,</span> 
     </span>
     <span class='ocr_line' id='line_1_8' title="bbox 440 951 1859 1020; baseline -0.004 -17"><span class='ocrx_word' id='word_1_48' title='bbox 440 956 488 1002; x_wconf 91' lang='lat' dir='ltr'>in</span> <span class='ocrx_word' id='word_1_49' title='bbox 511 965 641 1003; x_wconf 84' lang='lat' dir='ltr'>sexto</span> <span class='ocrx_word' id='word_1_50' title='bbox 662 955 818 1020; x_wconf 89' lang='lat' dir='ltr'>operis</span> <span class='ocrx_word' id='word_1_51' title='bbox 837 954 909 1001; x_wconf 90' lang='lat' dir='ltr'>sui</span> <span class='ocrx_word' id='word_1_52' title='bbox 927 953 1068 1001; x_wconf 88' lang='lat' dir='ltr'>libro.</span> <span class='ocrx_word' id='word_1_53' title='bbox 1090 952 1162 998; x_wconf 82' lang='lat' dir='ltr'>Ait</span> <span class='ocrx_word' id='word_1_54' title='bbox 1181 951 1311 998; x_wconf 90' lang='lat' dir='ltr'>enim</span> <span class='ocrx_word' id='word_1_55' title='bbox 1331 971 1343 999; x_wconf 76' lang='grc' dir='ltr'><strong><em>ε</em></strong></span> <span class='ocrx_word' id='word_1_56' title='bbox 1367 971 1390 995; x_wconf 76' lang='lat' dir='ltr'>c&lt;</span> <span class='ocrx_word' id='word_1_57' title='bbox 1411 953 1532 998; x_wconf 90' lang='lat' dir='ltr'>Cum</span> <span class='ocrx_word' id='word_1_58' title='bbox 1550 952 1859 1017; x_wconf 82' lang='lat' dir='ltr'>energumeni</span> 
     </span>
     <span class='ocr_line' id='line_1_9' title="bbox 440 1029 1857 1097; baseline -0.004 -17"><span class='ocrx_word' id='word_1_59' title='bbox 440 1049 525 1097; x_wconf 85' lang='lat' dir='ltr'>per</span> <span class='ocrx_word' id='word_1_60' title='bbox 539 1032 776 1080; x_wconf 88' lang='lat' dir='ltr'>cancellos</span> <span class='ocrx_word' id='word_1_61' title='bbox 794 1031 996 1079; x_wconf 88' lang='lat' dir='ltr'>basilicae</span> <span class='ocrx_word' id='word_1_62' title='bbox 1013 1029 1299 1077; x_wconf 86' lang='lat' dir='ltr'>veherentur</span> <span class='ocrx_word' id='word_1_63' title='bbox 1311 1029 1473 1076; x_wconf 87' lang='lat' dir='ltr'>volatu</span> <span class='ocrx_word' id='word_1_64' title='bbox 1490 1045 1630 1076; x_wconf 87' lang='lat' dir='ltr'>aereo</span> <span class='ocrx_word' id='word_1_65' title='bbox 1642 1066 1652 1085; x_wconf 94' lang='lat'>,</span> <span class='ocrx_word' id='word_1_66' title='bbox 1675 1039 1722 1076; x_wconf 89' lang='lat' dir='ltr'>et</span> <span class='ocrx_word' id='word_1_67' title='bbox 1737 1045 1857 1094; x_wconf 87' lang='lat' dir='ltr'>saepe</span> 
     </span>
     <span class='ocr_line' id='line_1_10' title="bbox 441 1105 1858 1175; baseline -0.002 -18"><span class='ocrx_word' id='word_1_68' title='bbox 441 1110 490 1157; x_wconf 92' lang='lat' dir='ltr'>in</span> <span class='ocrx_word' id='word_1_69' title='bbox 518 1120 716 1175; x_wconf 87' lang='lat' dir='ltr'>puteum</span> <span class='ocrx_word' id='word_1_70' title='bbox 736 1110 818 1172; x_wconf 90' lang='lat' dir='ltr'>qui</span> <span class='ocrx_word' id='word_1_71' title='bbox 851 1109 900 1155; x_wconf 91' lang='lat' dir='ltr'>in</span> <span class='ocrx_word' id='word_1_72' title='bbox 933 1110 1032 1173; x_wconf 87' lang='lat' dir='ltr'>ipsa</span> <span class='ocrx_word' id='word_1_73' title='bbox 1059 1106 1264 1154; x_wconf 85' lang='lat' dir='ltr'>habetur</span> <span class='ocrx_word' id='word_1_74' title='bbox 1288 1105 1510 1168; x_wconf 87' lang='lat' dir='ltr'>basilica,</span> <span class='ocrx_word' id='word_1_75' title='bbox 1530 1106 1740 1172; x_wconf 90' lang='lat' dir='ltr'>impulsu</span> <span class='ocrx_word' id='word_1_76' title='bbox 1763 1107 1858 1154; x_wconf 85' lang='lat' dir='ltr'>dae-</span> 
     </span>
     <span class='ocr_line' id='line_1_11' title="bbox 441 1183 1860 1251; baseline -0.004 -16"><span class='ocrx_word' id='word_1_77' title='bbox 441 1188 597 1234; x_wconf 90' lang='lat' dir='ltr'>monis</span> <span class='ocrx_word' id='word_1_78' title='bbox 633 1187 921 1251; x_wconf 88' lang='lat' dir='ltr'>jactarentur</span> <span class='ocrx_word' id='word_1_79' title='bbox 958 1185 1206 1245; x_wconf 87' lang='lat' dir='ltr'>abstracti,</span> <span class='ocrx_word' id='word_1_80' title='bbox 1249 1184 1418 1231; x_wconf 84' lang='lat' dir='ltr'>exinde</span> <span class='ocrx_word' id='word_1_81' title='bbox 1475 1183 1630 1245; x_wconf 75' lang='lat' dir='ltr'>illaesi,</span> <span class='ocrx_word' id='word_1_82' title='bbox 1671 1183 1860 1249; x_wconf 85' lang='lat' dir='ltr'>populis</span> 
     </span>
     <span class='ocr_line' id='line_1_12' title="bbox 440 1262 1855 1329; baseline -0.001 -18"><span class='ocrx_word' id='word_1_83' title='bbox 440 1264 774 1329; x_wconf 88' lang='lat' dir='ltr'>spectantibus,</span> <span class='ocrx_word' id='word_1_84' title='bbox 802 1273 911 1310; x_wconf 91' lang='lat' dir='ltr'>sunt</span> <span class='ocrx_word' id='word_1_85' title='bbox 932 1263 1176 1328; x_wconf 88' lang='lat' dir='ltr'>resumpti.</span> <span class='ocrx_word' id='word_1_86' title='bbox 1204 1284 1226 1306; x_wconf 86' lang='lat'>»</span> <span class='ocrx_word' id='word_1_87' title='bbox 1262 1262 1410 1326; x_wconf 91' lang='lat' dir='ltr'>quue</span> <span class='ocrx_word' id='word_1_88' title='bbox 1431 1263 1483 1310; x_wconf 91' lang='lat' dir='ltr'>in</span> <span class='ocrx_word' id='word_1_89' title='bbox 1502 1262 1673 1310; x_wconf 90' lang='lat' dir='ltr'>eodem</span> <span class='ocrx_word' id='word_1_90' title='bbox 1691 1272 1855 1328; x_wconf 88' lang='lat' dir='ltr'>puteo,</span> 
     </span>
     <span class='ocr_line' id='line_1_13' title="bbox 440 1340 1491 1407; baseline -0.003 -17"><span class='ocrx_word' id='word_1_91' title='bbox 440 1352 489 1390; x_wconf 90' lang='lat' dir='ltr'>et</span> <span class='ocrx_word' id='word_1_92' title='bbox 509 1342 681 1388; x_wconf 88' lang='lat' dir='ltr'>nostris</span> <span class='ocrx_word' id='word_1_93' title='bbox 711 1340 1003 1407; x_wconf 87' lang='lat' dir='ltr'>temporibus</span> <span class='ocrx_word' id='word_1_94' title='bbox 1024 1340 1229 1387; x_wconf 86' lang='lat' dir='ltr'>vidimus</span> <span class='ocrx_word' id='word_1_95' title='bbox 1263 1343 1491 1404; x_wconf 85' lang='lat' dir='ltr'>gestum².</span> 
     </span>
    </p>

    <p class='ocr_par' dir='ltr' id='par_1_5' title="bbox 443 1417 1866 2259">
     <span class='ocr_line' id='line_1_14' title="bbox 507 1417 1859 1483; baseline -0.001 -18"><span class='ocrx_word' id='word_1_96' title='bbox 507 1419 634 1466; x_wconf 90' lang='lat' dir='ltr'>Alius</span> <span class='ocrx_word' id='word_1_97' title='bbox 653 1435 842 1483; x_wconf 91' lang='lat' dir='ltr'>quoque</span> <span class='ocrx_word' id='word_1_98' title='bbox 865 1418 1051 1465; x_wconf 88' lang='lat' dir='ltr'>daemon</span> <span class='ocrx_word' id='word_1_99' title='bbox 1074 1418 1361 1482; x_wconf 86' lang='lat' dir='ltr'>acquisitum</span> <span class='ocrx_word' id='word_1_100' title='bbox 1380 1417 1627 1465; x_wconf 87' lang='lat' dir='ltr'>vasculum</span> <span class='ocrx_word' id='word_1_101' title='bbox 1646 1418 1859 1483; x_wconf 86' lang='lat' dir='ltr'>praecipi-</span> 
     </span>
     <span class='ocr_line' id='line_1_15' title="bbox 443 1495 1857 1561; baseline 0 -19"><span class='ocrx_word' id='word_1_102' title='bbox 443 1505 539 1542; x_wconf 88' lang='lat' dir='ltr'>tem</span> <span class='ocrx_word' id='word_1_103' title='bbox 562 1495 693 1542; x_wconf 83' lang='lat' dir='ltr'>duxit</span> <span class='ocrx_word' id='word_1_104' title='bbox 713 1496 774 1544; x_wconf 88' lang='lat' dir='ltr'>ad</span> <span class='ocrx_word' id='word_1_105' title='bbox 799 1512 990 1543; x_wconf 86' lang='lat' dir='ltr'>amnem</span> <span class='ocrx_word' id='word_1_106' title='bbox 1006 1535 1019 1554; x_wconf 92' lang='lat'>,</span> <span class='ocrx_word' id='word_1_107' title='bbox 1048 1497 1181 1560; x_wconf 88' lang='lat' dir='ltr'>quasi</span> <span class='ocrx_word' id='word_1_108' title='bbox 1204 1495 1415 1561; x_wconf 73' lang='lat' dir='ltr'>praedam</span> <span class='ocrx_word' id='word_1_109' title='bbox 1433 1531 1445 1554; x_wconf 93' lang='lat'>,</span> <span class='ocrx_word' id='word_1_110' title='bbox 1467 1511 1613 1559; x_wconf 86' lang='lat' dir='ltr'>quam</span> <span class='ocrx_word' id='word_1_111' title='bbox 1643 1506 1857 1561; x_wconf 87' lang='lat' dir='ltr'>ceperat,</span> 
     </span>
     <span class='ocr_line' id='line_1_16' title="bbox 443 1573 1863 1640; baseline 0.001 -20"><span class='ocrx_word' id='word_1_112' title='bbox 443 1573 756 1621; x_wconf 87' lang='lat' dir='ltr'>demersurus.</span> <span class='ocrx_word' id='word_1_113' title='bbox 779 1574 871 1622; x_wconf 89' lang='lat' dir='ltr'>Sed</span> <span class='ocrx_word' id='word_1_114' title='bbox 896 1591 994 1622; x_wconf 92' lang='lat' dir='ltr'>non</span> <span class='ocrx_word' id='word_1_115' title='bbox 1019 1574 1167 1621; x_wconf 88' lang='lat' dir='ltr'>defuit</span> <span class='ocrx_word' id='word_1_116' title='bbox 1190 1574 1400 1640; x_wconf 88' lang='lat' dir='ltr'>perituro</span> <span class='ocrx_word' id='word_1_117' title='bbox 1422 1573 1548 1621; x_wconf 89' lang='lat' dir='ltr'>beati</span> <span class='ocrx_word' id='word_1_118' title='bbox 1582 1573 1863 1622; x_wconf 87' lang='lat' dir='ltr'>confessoris</span> 
     </span>
     <span class='ocr_line' id='line_1_17' title="bbox 445 1649 1861 1717; baseline 0.001 -19"><span class='ocrx_word' id='word_1_119' title='bbox 445 1649 685 1698; x_wconf 86' lang='lat' dir='ltr'>auxilium.</span> <span class='ocrx_word' id='word_1_120' title='bbox 721 1654 839 1699; x_wconf 87' lang='lat' dir='ltr'>Nam</span> <span class='ocrx_word' id='word_1_121' title='bbox 873 1652 1107 1717; x_wconf 87' lang='lat' dir='ltr'>ingressus</span> <span class='ocrx_word' id='word_1_122' title='bbox 1140 1653 1189 1699; x_wconf 89' lang='lat' dir='ltr'>in</span> <span class='ocrx_word' id='word_1_123' title='bbox 1223 1652 1401 1699; x_wconf 84' lang='lat' dir='ltr'>flumen</span> <span class='ocrx_word' id='word_1_124' title='bbox 1433 1661 1478 1698; x_wconf 91' lang='lat' dir='ltr'>et</span> <span class='ocrx_word' id='word_1_125' title='bbox 1499 1650 1774 1699; x_wconf 88' lang='lat' dir='ltr'>ulteriorem</span> <span class='ocrx_word' id='word_1_126' title='bbox 1798 1653 1861 1699; x_wconf 89' lang='lat' dir='ltr'>ri-</span> 
     </span>
     <span class='ocr_line' id='line_1_18' title="bbox 445 1729 1863 1795; baseline 0.001 -20"><span class='ocrx_word' id='word_1_127' title='bbox 445 1744 557 1792; x_wconf 91' lang='lat' dir='ltr'>pam</span> <span class='ocrx_word' id='word_1_128' title='bbox 588 1739 753 1795; x_wconf 87' lang='lat' dir='ltr'>petens</span> <span class='ocrx_word' id='word_1_129' title='bbox 788 1730 906 1777; x_wconf 90' lang='lat' dir='ltr'>nihil</span> <span class='ocrx_word' id='word_1_130' title='bbox 938 1730 1214 1778; x_wconf 88' lang='lat' dir='ltr'>nocumenti</span> <span class='ocrx_word' id='word_1_131' title='bbox 1246 1729 1458 1794; x_wconf 87' lang='lat' dir='ltr'>accepit,</span> <span class='ocrx_word' id='word_1_132' title='bbox 1492 1729 1576 1777; x_wconf 91' lang='lat' dir='ltr'>sed</span> <span class='ocrx_word' id='word_1_133' title='bbox 1605 1729 1764 1777; x_wconf 74' lang='lat' dir='ltr'>siccis⁸</span> <span class='ocrx_word' id='word_1_134' title='bbox 1793 1740 1863 1777; x_wconf 89' lang='lat' dir='ltr'>est</span> 
     </span>
     <span class='ocr_line' id='line_1_19' title="bbox 444 1804 1865 1873; baseline 0.002 -22"><span class='ocrx_word' id='word_1_135' title='bbox 444 1804 585 1853; x_wconf 92' lang='lat' dir='ltr'>etiam</span> <span class='ocrx_word' id='word_1_136' title='bbox 608 1807 895 1855; x_wconf 86' lang='lat' dir='ltr'>vestimentis</span> <span class='ocrx_word' id='word_1_137' title='bbox 918 1824 1127 1871; x_wconf 89' lang='lat' dir='ltr'>egressus</span> <span class='ocrx_word' id='word_1_138' title='bbox 1146 1825 1379 1873; x_wconf 89' lang='lat' dir='ltr'>:cumque</span> <span class='ocrx_word' id='word_1_139' title='bbox 1401 1807 1463 1855; x_wconf 90' lang='lat' dir='ltr'>ad</span> <span class='ocrx_word' id='word_1_140' title='bbox 1482 1807 1702 1855; x_wconf 86' lang='lat' dir='ltr'>cellulam</span> <span class='ocrx_word' id='word_1_141' title='bbox 1721 1807 1865 1871; x_wconf 89' lang='lat' dir='ltr'>Majo-</span> 
     </span>
     <span class='ocr_line' id='line_1_20' title="bbox 444 1882 1863 1951; baseline 0.003 -23"><span class='ocrx_word' id='word_1_142' title='bbox 444 1882 507 1928; x_wconf 87' lang='lat' dir='ltr'>ris</span> <span class='ocrx_word' id='word_1_143' title='bbox 531 1885 802 1932; x_wconf 88' lang='lat' dir='ltr'>Monasterii</span> <span class='ocrx_word' id='word_1_144' title='bbox 827 1886 1120 1950; x_wconf 87' lang='lat' dir='ltr'>pervenisset</span> <span class='ocrx_word' id='word_1_145' title='bbox 1136 1924 1148 1948; x_wconf 88' lang='lat'>,</span> <span class='ocrx_word' id='word_1_146' title='bbox 1174 1886 1433 1934; x_wconf 88' lang='lat' dir='ltr'>mundatus</span> <span class='ocrx_word' id='word_1_147' title='bbox 1461 1886 1698 1951; x_wconf 86' lang='lat' dir='ltr'>apparuit.</span> <span class='ocrx_word' id='word_1_148' title='bbox 1724 1888 1863 1932; x_wconf 90' lang='lat' dir='ltr'>Hunc</span> 
     </span>
     <span class='ocr_line' id='line_1_21' title="bbox 446 1961 1865 2026; baseline 0.004 -20"><span class='ocrx_word' id='word_1_149' title='bbox 446 1961 586 2007; x_wconf 87' lang='lat' dir='ltr'>etiam</span> <span class='ocrx_word' id='word_1_150' title='bbox 605 1971 797 2010; x_wconf 88' lang='lat' dir='ltr'>testatur</span> <span class='ocrx_word' id='word_1_151' title='bbox 813 1963 983 2011; x_wconf 88' lang='lat' dir='ltr'>multas</span> <span class='ocrx_word' id='word_1_152' title='bbox 999 1980 1139 2012; x_wconf 87' lang='lat' dir='ltr'>voces</span> <span class='ocrx_word' id='word_1_153' title='bbox 1155 1965 1368 2011; x_wconf 82' lang='lat' dir='ltr'>emittere</span> <span class='ocrx_word' id='word_1_154' title='bbox 1388 1963 1581 2011; x_wconf 89' lang='lat' dir='ltr'>solitum</span> <span class='ocrx_word' id='word_1_155' title='bbox 1597 2000 1609 2024; x_wconf 92' lang='lat'>,</span> <span class='ocrx_word' id='word_1_156' title='bbox 1626 1979 1682 2011; x_wconf 85' lang='lat' dir='ltr'>ac</span> <span class='ocrx_word' id='word_1_157' title='bbox 1703 1963 1865 2026; x_wconf 89' lang='lat' dir='ltr'>lingua</span> 
     </span>
     <span class='ocr_line' id='line_1_22' title="bbox 447 2037 1866 2107; baseline 0.004 -24"><span class='ocrx_word' id='word_1_158' title='bbox 447 2037 656 2100; x_wconf 87' lang='lat' dir='ltr'>gentium</span> <span class='ocrx_word' id='word_1_159' title='bbox 678 2039 1027 2103; x_wconf 88' lang='lat' dir='ltr'>incognitarum</span> <span class='ocrx_word' id='word_1_160' title='bbox 1050 2042 1301 2107; x_wconf 77' lang='lat' dir='ltr'>saepissime</span> <span class='ocrx_word' id='word_1_161' title='bbox 1316 2041 1474 2106; x_wconf 91' lang='lat' dir='ltr'>loqui,</span> <span class='ocrx_word' id='word_1_162' title='bbox 1489 2051 1784 2106; x_wconf 88' lang='lat' dir='ltr'>venturaque</span> <span class='ocrx_word' id='word_1_163' title='bbox 1802 2040 1866 2088; x_wconf 86' lang='lat' dir='ltr'>sa·</span> 
     </span>
     <span class='ocr_line' id='line_1_23' title="bbox 447 2115 1865 2185; baseline 0.004 -25"><span class='ocrx_word' id='word_1_164' title='bbox 447 2115 534 2161; x_wconf 86' lang='lat' dir='ltr'>teri</span> <span class='ocrx_word' id='word_1_165' title='bbox 564 2125 609 2161; x_wconf 88' lang='lat' dir='ltr'>et</span> <span class='ocrx_word' id='word_1_166' title='bbox 635 2116 835 2165; x_wconf 87' lang='lat' dir='ltr'>crimina</span> <span class='ocrx_word' id='word_1_167' title='bbox 856 2118 1089 2166; x_wconf 88' lang='lat' dir='ltr'>confiteri.</span> <span class='ocrx_word' id='word_1_168' title='bbox 1120 2119 1240 2181; x_wconf 85' lang='lat' dir='ltr'>Sed,</span> <span class='ocrx_word' id='word_1_169' title='bbox 1271 2129 1324 2166; x_wconf 92' lang='lat' dir='ltr'>ut</span> <span class='ocrx_word' id='word_1_170' title='bbox 1352 2118 1585 2181; x_wconf 87' lang='lat' dir='ltr'>diximus,</span> <span class='ocrx_word' id='word_1_171' title='bbox 1610 2128 1865 2185; x_wconf 86' lang='lat' dir='ltr'>postquam</span> 
     </span>
     <span class='ocr_line' id='line_1_24' title="bbox 446 2189 1353 2259; baseline 0.007 -21"><span class='ocrx_word' id='word_1_172' title='bbox 446 2189 591 2239; x_wconf 89' lang='lat' dir='ltr'>limen</span> <span class='ocrx_word' id='word_1_173' title='bbox 612 2196 758 2241; x_wconf 81' lang='lat' dir='ltr'>sancti</span> <span class='ocrx_word' id='word_1_174' title='bbox 781 2196 947 2259; x_wconf 84' lang='lat' dir='ltr'>attigit,</span> <span class='ocrx_word' id='word_1_175' title='bbox 969 2213 1112 2244; x_wconf 90' lang='lat' dir='ltr'>sanus</span> <span class='ocrx_word' id='word_1_176' title='bbox 1134 2197 1353 2246; x_wconf 88' lang='lat' dir='ltr'>abcessit.</span> 
     </span>
    </p>

    <p class='ocr_par' dir='ltr' id='par_1_6' title="bbox 448 2266 1865 2419">
     <span class='ocr_line' id='line_1_25' title="bbox 515 2266 1865 2338; baseline 0.006 -23"><span class='ocrx_word' id='word_1_177' title='bbox 515 2268 705 2332; x_wconf 88' lang='lat' dir='ltr'>Egidius</span> <span class='ocrx_word' id='word_1_178' title='bbox 720 2287 927 2337; x_wconf 90' lang='lat' dir='ltr'>quoque,</span> <span class='ocrx_word' id='word_1_179' title='bbox 946 2290 1056 2321; x_wconf 87' lang='lat' dir='ltr'>cum</span> <span class='ocrx_word' id='word_1_180' title='bbox 1072 2274 1371 2323; x_wconf 90' lang='lat' dir='ltr'>obsideretur</span> <span class='ocrx_word' id='word_1_181' title='bbox 1389 2275 1451 2324; x_wconf 88' lang='lat' dir='ltr'>ab</span> <span class='ocrx_word' id='word_1_182' title='bbox 1468 2266 1705 2338; x_wconf 74' lang='lat' dir='ltr'>liostibus,</span> <span class='ocrx_word' id='word_1_183' title='bbox 1721 2283 1770 2323; x_wconf 88' lang='lat' dir='ltr'>et</span> <span class='ocrx_word' id='word_1_184' title='bbox 1790 2292 1865 2323; x_wconf 84' lang='lat' dir='ltr'>ex-</span> 
     </span>
     <span class='ocr_line' id='line_1_26' title="bbox 448 2344 1863 2419; baseline 0.007 -28"><span class='ocrx_word' id='word_1_185' title='bbox 448 2344 580 2392; x_wconf 91' lang='lat' dir='ltr'>cluso</span> <span class='ocrx_word' id='word_1_186' title='bbox 609 2362 636 2393; x_wconf 89' lang='lat' dir='ltr'>a</span> <span class='ocrx_word' id='word_1_187' title='bbox 660 2364 709 2394; x_wconf 89' lang='lat' dir='ltr'>se</span> <span class='ocrx_word' id='word_1_188' title='bbox 733 2348 902 2396; x_wconf 79' lang='lat' dir='ltr'>solatio</span> <span class='ocrx_word' id='word_1_189' title='bbox 919 2351 949 2410; x_wconf 77' lang='lat'>⁴,</span> <span class='ocrx_word' id='word_1_190' title='bbox 976 2351 1191 2399; x_wconf 80' lang='lat' dir='ltr'>turbatus</span> <span class='ocrx_word' id='word_1_191' title='bbox 1213 2353 1595 2419; x_wconf 86' lang='lat' dir='ltr'>impugnaretur,</span> <span class='ocrx_word' id='word_1_192' title='bbox 1618 2369 1704 2419; x_wconf 90' lang='lat' dir='ltr'>per</span> <span class='ocrx_word' id='word_1_193' title='bbox 1726 2354 1863 2400; x_wconf 86' lang='lat' dir='ltr'>invo-</span> 
     </span>
    </p>
   </div>
   <div class='ocr_carea' id='block_1_5' title="bbox 452 2456 660 2465">
    <p class='ocr_par' dir='ltr' id='par_1_7' title="bbox 452 2456 660 2465">
     <span class='ocr_line' id='line_1_27' title="bbox 452 2456 660 2465; baseline 0 993"><span class='ocrx_word' id='word_1_194' title='bbox 452 2456 660 2465; x_wconf 95' lang='lat' dir='ltr'> </span> 
     </span>
    </p>
   </div>
   <div class='ocr_carea' id='block_1_6' title="bbox 449 2520 1862 2642">
    <p class='ocr_par' dir='ltr' id='par_1_8' title="bbox 449 2520 1862 2642">
     <span class='ocr_line' id='line_1_28' title="bbox 502 2520 1862 2570; baseline 0.004 -12"><span class='ocrx_word' id='word_1_195' title='bbox 502 2521 558 2570; x_wconf 86' lang='lat'>(1)</span> <span class='ocrx_word' id='word_1_196' title='bbox 575 2520 639 2562; x_wconf 91' lang='lat' dir='ltr'>Sic</span> <span class='ocrx_word' id='word_1_197' title='bbox 673 2534 806 2562; x_wconf 87' lang='lat' dir='ltr'>omnes</span> <span class='ocrx_word' id='word_1_198' title='bbox 842 2539 933 2568; x_wconf 83' lang='lat' dir='ltr'>mss,</span> <span class='ocrx_word' id='word_1_199' title='bbox 956 2526 1107 2567; x_wconf 89' lang='lat' dir='ltr'>codices</span> <span class='ocrx_word' id='word_1_200' title='bbox 1126 2535 1165 2566; x_wconf 84' lang='lat' dir='ltr'>et</span> <span class='ocrx_word' id='word_1_201' title='bbox 1194 2527 1286 2567; x_wconf 85' lang='lat' dir='ltr'>editi</span> <span class='ocrx_word' id='word_1_202' title='bbox 1315 2527 1379 2568; x_wconf 93' lang='lat' dir='ltr'>hic</span> <span class='ocrx_word' id='word_1_203' title='bbox 1410 2536 1449 2567; x_wconf 88' lang='lat' dir='ltr'>et</span> <span class='ocrx_word' id='word_1_204' title='bbox 1475 2527 1516 2567; x_wconf 89' lang='lat' dir='ltr'>in</span> <span class='ocrx_word' id='word_1_205' title='bbox 1547 2526 1616 2568; x_wconf 89' lang='lat' dir='ltr'>lib.</span> <span class='ocrx_word' id='word_1_206' title='bbox 1653 2525 1701 2566; x_wconf 91' lang='lat' dir='ltr'>de</span> <span class='ocrx_word' id='word_1_207' title='bbox 1730 2525 1862 2566; x_wconf 84' lang='lat' dir='ltr'>Gloria</span> 
     </span>
     <span class='ocr_line' id='line_1_29' title="bbox 449 2583 884 2642; baseline 0.014 -20"><span class='ocrx_word' id='word_1_208' title='bbox 449 2583 553 2624; x_wconf 84' lang='lat' dir='ltr'>cons.</span> <span class='ocrx_word' id='word_1_209' title='bbox 574 2597 661 2639; x_wconf 85' lang='lat' dir='ltr'>cap.</span> <span class='ocrx_word' id='word_1_210' title='bbox 684 2590 774 2627; x_wconf 83' lang='lat'>110.</span> <span class='ocrx_word' id='word_1_211' title='bbox 801 2591 884 2642; x_wconf 85' lang='lat' dir='ltr'>(R.)</span> 
     </span>
    </p>
   </div>
   <div class='ocr_carea' id='block_1_7' title="bbox 503 2651 1664 2841">
    <p class='ocr_par' dir='ltr' id='par_1_9' title="bbox 503 2651 1664 2841">
     <span class='ocr_line' id='line_1_30' title="bbox 504 2651 1664 2709; baseline 0.008 -21"><span class='ocrx_word' id='word_1_212' title='bbox 504 2651 561 2699; x_wconf 83' lang='lat'>(2)</span> <span class='ocrx_word' id='word_1_213' title='bbox 585 2652 701 2692; x_wconf 84' lang='lat' dir='ltr'>Addit</span> <span class='ocrx_word' id='word_1_214' title='bbox 718 2653 757 2693; x_wconf 88' lang='lat' dir='ltr'>in</span> <span class='ocrx_word' id='word_1_215' title='bbox 778 2656 948 2709; x_wconf 84' lang='lat' dir='ltr'>margine</span> <span class='ocrx_word' id='word_1_216' title='bbox 969 2658 1071 2697; x_wconf 62' lang='lat'>2201.</span> <span class='ocrx_word' id='word_1_217' title='bbox 1088 2688 1098 2705; x_wconf 92' lang='lat'>‚</span> <span class='ocrx_word' id='word_1_218' title='bbox 1120 2661 1295 2709; x_wconf 77' lang='lat' dir='ltr'>.5·eqaicur</span> <span class='ocrx_word' id='word_1_219' title='bbox 1311 2663 1359 2698; x_wconf 85' lang='lat' dir='ltr'>de</span> <span class='ocrx_word' id='word_1_220' title='bbox 1381 2660 1473 2699; x_wconf 83' lang='lat' dir='ltr'>libro</span> <span class='ocrx_word' id='word_1_221' title='bbox 1492 2663 1664 2700; x_wconf 70' lang='lat' dir='ltr'>Paulini.</span> 
     </span>
     <span class='ocr_line' id='line_1_31' title="bbox 504 2719 1473 2776; baseline 0.01 -20"><span class='ocrx_word' id='word_1_222' title='bbox 504 2719 558 2767; x_wconf 85' lang='lat'>(3)</span> <span class='ocrx_word' id='word_1_223' title='bbox 579 2720 671 2761; x_wconf 74' lang='lat' dir='ltr'>MSS.</span> <span class='ocrx_word' id='word_1_224' title='bbox 692 2719 771 2759; x_wconf 82' lang='lat' dir='ltr'>sere</span> <span class='ocrx_word' id='word_1_225' title='bbox 792 2734 925 2761; x_wconf 86' lang='lat' dir='ltr'>omnes</span> <span class='ocrx_word' id='word_1_226' title='bbox 938 2754 948 2773; x_wconf 88' lang='lat'>,</span> <span class='ocrx_word' id='word_1_227' title='bbox 970 2724 1069 2761; x_wconf 81' lang='lat' dir='ltr'>nihil</span> <span class='ocrx_word' id='word_1_228' title='bbox 1078 2726 1233 2772; x_wconf 79' lang='lat' dir='ltr'>nocitus,</span> <span class='ocrx_word' id='word_1_229' title='bbox 1253 2726 1373 2765; x_wconf 75' lang='lat' dir='ltr'>siccis.</span> <span class='ocrx_word' id='word_1_230' title='bbox 1394 2727 1473 2776; x_wconf 89' lang='lat' dir='ltr'>(R.)</span> 
     </span>
     <span class='ocr_line' id='line_1_32' title="bbox 503 2781 1471 2841; baseline 0.011 -19"><span class='ocrx_word' id='word_1_231' title='bbox 503 2781 559 2837; x_wconf 72' lang='lat' dir='ltr'>(ln)</span> <span class='ocrx_word' id='word_1_232' title='bbox 578 2784 683 2824; x_wconf 69' lang='lat'>2201.</span> <span class='ocrx_word' id='word_1_233' title='bbox 697 2815 708 2836; x_wconf 84' lang='lat'>‚</span> <span class='ocrx_word' id='word_1_234' title='bbox 729 2789 878 2825; x_wconf 67' lang='lat' dir='ltr'>excluso</span> <span class='ocrx_word' id='word_1_235' title='bbox 896 2791 1057 2837; x_wconf 79' lang='lat' dir='ltr'>alicujus</span> <span class='ocrx_word' id='word_1_236' title='bbox 1076 2791 1307 2841; x_wconf 79' lang='lat' dir='ltr'>defensionis</span> <span class='ocrx_word' id='word_1_237' title='bbox 1324 2794 1471 2834; x_wconf 78' lang='lat' dir='ltr'>solatio.</span> 
     </span>
    </p>
   </div>
  </div>
 </body>
</html>
