2028 3458
427 360 503 397 ¹36
638 358 704 394 DE
731 352 1027 394 VIRTUTIBUS
1054 351 1229 389 SANCTI
1257 352 1483 390 MARTINI.
1505 372 1554 380 —
1577 352 1627 390 11.

426 448 565 496 simili
583 448 756 494 virtute
776 444 1015 507 dirigeret.
1045 443 1099 488 In
1123 440 1216 489 bac
1238 450 1399 489 autem
1424 442 1643 488 oratione
1661 458 1689 488 a
1716 441 1845 488 febre

426 526 571 572 nimia
607 521 946 579 circumdatur,
985 529 1031 566 et
1058 528 1286 583 tanquam
1310 529 1530 566 extensus
1556 520 1603 566 in
1627 518 1844 566 eculeum

427 618 682 650 nervorum
709 599 876 646 dolore
897 607 1165 662 torquetur.
1189 600 1372 644 Interea
1392 596 1452 643 de
1470 596 1683 661 supplice
1706 596 1846 643 dolor

425 681 595 727 excitat
626 687 978 733 contumacem,
1014 684 1061 721 et
1090 674 1173 738 qui
1203 683 1399 721 venerat
1432 674 1671 738 inquirere
1701 672 1848 720 medi-

426 758 597 816 cinam,
635 755 779 820 coepit
812 754 985 800 inferre
1023 752 1331 799 calumniam.
1362 751 1526 798 Aiebat
1554 753 1682 799 enim
1707 769 1717 796 ε
1751 771 1774 796 «
1803 753 1846 797 Ο

429 835 606 882 domne
624 834 840 891 Mat-tine,
860 832 1109 878 sanitatem
1131 847 1158 877 a
1176 840 1238 887 te,
1260 846 1358 875 non
1385 838 1618 876 tormenta
1634 830 1842 894 quaesivi.

426 915 577 968 Quam
593 910 629 956 si
649 926 745 955 non
766 925 971 968 mereor,
986 907 1058 954 vel
1076 905 1326 953 doloribus
1341 922 1439 952 non
1461 905 1656 969 affligar.
1674 928 1695 949 »
1710 909 1848 953 Cum-

426 1006 518 1052 que
532 1005 617 1035 nos
632 1005 741 1034 cum
758 986 947 1034 fletibus
962 986 1322 1033 circumstantes
1333 984 1457 1030 beati
1471 985 1852 1048 praestolaremur

427 1067 705 1126 adventum,
725 1074 771 1111 et
798 1066 921 1111 inter
944 1064 1047 1111 haec
1071 1064 1190 1111 dum
1215 1073 1378 1111 sancta
1402 1063 1634 1109 solemnia
1655 1080 1851 1124 ageren-

425 1155 519 1202 tur,
543 1144 713 1189 oblatis
736 1159 880 1207 super
903 1142 1048 1188 altare
1067 1141 1210 1188 sacris
1228 1140 1508 1187 muneribus
1532 1141 1852 1204 mysterioque

423 1222 638 1287 corporis
658 1230 704 1267 et
732 1220 976 1283 sanguinis
1001 1219 1192 1278 Christi,
1211 1219 1335 1285 palla
1359 1236 1415 1266 ex
1439 1236 1573 1265 more
1598 1229 1847 1284 coopertO,

424 1300 706 1346 molliuntur
739 1308 1056 1345 contracturae
1087 1314 1364 1356 nervorum,
1410 1307 1455 1344 et
1490 1297 1708 1361 disrupto
1746 1306 1853 1361 post

426 1377 598 1423 infirmi
620 1376 814 1442 poplitis
835 1376 988 1437 corio,
1006 1375 1246 1422 defluente
1264 1375 1507 1438 sanguinis
1530 1375 1652 1433 rivo,
1679 1374 1851 1439 pedem

425 1455 635 1501 extendit
657 1453 967 1500 incolumem.
997 1453 1141 1511 Quod
1164 1453 1333 1500 videns
1356 1470 1472 1516 ego,
1500 1456 1602 1499 Deo
1627 1454 1851 1517 omnipo-

423 1534 536 1579 tenti
561 1532 732 1595 gratias
752 1548 918 1594 agens,
951 1531 1136 1578 lumina
1159 1530 1349 1577 fletibus
1373 1530 1666 1589 madefacta,
1696 1531 1741 1576 in
1764 1530 1855 1576 hac

426 1610 485 1657 ad
509 1610 743 1675 populum
764 1625 884 1656 voce
909 1610 1107 1673 prorupi
1130 1627 1139 1654 ;
1169 1609 1366 1655 «Timor
1387 1624 1414 1655 a
1437 1608 1665 1655 cordibus
1687 1610 1854 1655 vestris

430 1686 585 1731 omnis
618 1683 865 1738 abscedat,
899 1683 1012 1747 quia
1041 1682 1210 1730 beatus
1233 1683 1480 1730 confessor
1504 1682 1756 1729 nobiscum
1782 1684 1854 1729 in-

426 1762 624 1823 habitat,
660 1778 749 1808 nec
789 1762 992 1809 omnino
1029 1761 1208 1808 credite
1244 1759 1471 1819 diabolo,
1501 1761 1582 1824 qui
1609 1760 1726 1806 nihil
1767 1778 1855 1807 un-

426 1857 570 1904 quam
594 1839 794 1905 protulit
813 1856 998 1886 verum.
1029 1840 1110 1886 llle
1133 1839 1194 1886 ab
1223 1840 1360 1885 initio
1392 1838 1595 1885 mendax
1619 1848 1706 1896 est,
1735 1849 1780 1885 et
1807 1840 1855 1885 in

427 1917 622 1965 veritate
655 1934 756 1964 nou
776 1919 948 1965 stetit¹.
979 1937 1001 1962 »
1026 1920 1101 1965 Me
1131 1927 1291 1964 autem
1316 1918 1381 1964 ita
1403 1917 1610 1975 dicente,
1638 1917 1856 1964 omnium

429 1995 583 2042 luctus
602 1994 786 2042 laxatur
810 1996 858 2042 in
885 1995 1135 2059 gaudium.
1165 1998 1267 2059 lpse
1287 1995 1429 2041 etiam
1455 1993 1672 2040 infirmus
1694 2011 1856 2041 coram

432 2072 570 2118 nobis
602 2089 880 2136 assurgens,
910 2073 957 2119 in
983 2070 1128 2138 ped'es
1158 2072 1365 2119 constitit
1390 2071 1651 2118 absolutus.
1683 2072 1857 2119 Videns

433 2160 589 2195 autem
605 2149 706 2196 haec
723 2152 880 2197 omnis
898 2150 1124 2216 populus,
1146 2150 1193 2196 in
1219 2149 1390 2196 coelum
1416 2149 1625 2196 clamore
1649 2150 1854 2214 prolatO,

433 2227 687 2293 plaudebat
717 2228 881 2275 dicens
903 2246 912 2274 :
954 2248 975 2272 «
1003 2227 1166 2274 Gloria
1190 2228 1237 2274 in
1263 2227 1455 2274 excelsis
1479 2231 1605 2286 Deo,
1633 2229 1714 2292 qui
1739 2228 1858 2274 sicut

433 2305 678 2367 quondam
717 2316 930 2370 pastores
975 2305 1189 2368 angelico
1229 2304 1438 2364 lumine,
1483 2306 1546 2351 ita
1589 2322 1678 2351 nos
1715 2304 1860 2350 hodie

438 2384 682 2445 praesentia
715 2383 1000 2431 confessoris
1030 2382 1155 2430 beati
1180 2382 1472 2441 clarificavit,
1509 2392 1555 2429 et
1585 2399 1695 2429 eum
1720 2381 1860 2428 nobis

439 2459 600 2506 adesse
636 2463 851 2526 praesenti
879 2463 1053 2509 virtute
1087 2461 1385 2508 monstravit.
1419 2481 1440 2504 η
1471 2464 1525 2507 Et
1549 2461 1615 2507 sic
1638 2477 1666 2507 a
1689 2461 1860 2507 timore

438 2536 616 2584 inimici
646 2557 812 2587 omnes
835 2541 1016 2605 erepti,
1044 2538 1216 2586 Christi
1241 2538 1461 2603 praesidio
1487 2537 1700 2584 roborati
1729 2548 1854 2584 sunt.

490 2712 546 2763 (1)
568 2716 680 2769 loen.
706 2730 801 2764 vm,
822 2719 886 2756 Ιώ.
