2028 3458
372 296 447 332 102
587 295 653 331 DE
686 291 981 330 VIRTUTIBUS
1015 290 1188 328 SANCTI
1223 291 1446 328 MARTINI.
1469 293 1591 331 -11.

370 381 642 429 mulctatur.
672 379 766 437 Qui
788 394 898 425 cum
928 393 1013 442 per
1035 386 1190 423 totum
1209 393 1391 424 aunum
1415 378 1588 426 talibus
1610 378 1787 426 dolori-

368 460 459 508 bus
480 467 744 514 vexaretur,
768 465 820 502 ut
841 456 983 502 etiam
1008 455 1230 502 viciniam
1252 457 1301 503 in
1329 457 1549 522 proximo
1580 457 1786 522 positam

367 545 710 596 commoveret,
734 533 990 581 contractis
1013 533 1172 580 subito
1196 536 1370 596 nervis,
1394 535 1456 583 ad
1479 535 1678 600 plenum
1701 534 1789 582 de-

367 617 592 663 bilitatur.
620 613 764 671 Quod
793 612 961 659 videns
997 611 1223 659 dominus
1251 613 1371 677 ejus,
1407 614 1575 661 dolens
1610 615 1786 661 exitum

369 693 520 740 fidelis
542 691 799 750 vernaculi,
832 690 969 755 jussit
1000 706 1112 737 eum
1142 690 1204 737 ad
1227 691 1373 755 pedes
1406 691 1533 739 beati
1570 692 1792 739 antistitis

370 770 628 835 deportari,
647 768 929 833 promittens
952 776 1141 826 votum,
1162 777 1207 814 et
1226 767 1389 815 dicens
1412 786 1421 814 :
1450 787 1473 814 α
1487 770 1532 815 Si
1549 786 1661 816 eum
1682 769 1790 816 red-

368 847 543 894 dideris
567 844 773 904 sanitati,
810 845 1020 910 piissime
1049 844 1229 892 domne
1266 846 1484 906 Martine,
1522 847 1570 893 in
1605 846 1685 894 illa
1713 846 1790 894 die

368 924 613 971 absolutus
635 941 662 971 a
689 923 782 970 mei
799 923 973 971 servitii
993 922 1206 985 vinculo,
1226 923 1489 970 humiliatis
1505 923 1687 989 capillis
1704 935 1789 971 tuo

369 1003 558 1050 servitio
596 1002 858 1066 delegetur.
898 1022 920 1045 >›
962 1001 1147 1048 Positus
1181 1018 1295 1064 ergo
1337 1001 1398 1049 ad
1431 1002 1579 1066 pedes
1617 1003 1795 1068 pretio-

370 1081 538 1127 sissimi
565 1080 758 1139 domni,
795 1097 905 1127 cum
928 1096 1014 1145 per
1042 1080 1254 1144 quinque
1281 1079 1381 1127 dies
1404 1079 1587 1127 ibidem
1613 1080 1794 1144 jaceret

370 1158 650 1219 immobilis,
677 1167 805 1205 sexta
838 1157 916 1204 die
942 1174 1116 1222 sopore
1147 1157 1481 1222 comprimitur
1492 1177 1505 1217 ;
1535 1165 1581 1205 et
1615 1157 1795 1206 obdor-

371 1237 537 1284 mienti
559 1237 713 1283 visum
744 1245 815 1283 est
838 1236 907 1298 ei,
934 1246 1165 1300 tanquam
1192 1236 1231 1284 si
1256 1236 1305 1282 in
1332 1235 1509 1283 lectulo
1541 1236 1707 1284 solitus
1736 1237 1796 1284 sit

373 1314 522 1361 homo
549 1313 721 1378 pedem
753 1313 1026 1361 extendere.
1057 1314 1422 1378 Expergefactus
1457 1322 1619 1361 autem
1651 1331 1794 1361 sanus

373 1391 434 1440 ab
456 1391 589 1438 omni
613 1391 853 1438 debilitate
878 1392 1095 1439 surrexit.
1134 1393 1230 1449 Qui
1261 1401 1510 1439 tonsurato
1543 1394 1722 1458 capite,
1752 1401 1798 1439 et

373 1479 569 1534 accepta
599 1468 840 1530 libertate,
878 1469 1060 1516 ibidem
1093 1469 1221 1517 beati
1253 1469 1422 1516 domni
1460 1470 1628 1517 usibus
1664 1487 1795 1518 nunc

374 1546 595 1593 deservit.
644 1549 686 1592 O
715 1547 1044 1595 admirabilem
1091 1547 1218 1594 beati
1258 1548 1345 1594 viri
1377 1547 1792 1613 redemptionem!

374 1626 491 1682 Quis
513 1641 727 1689 unquam
753 1625 813 1674 de
845 1626 972 1673 mille
994 1626 1182 1674 talentis
1202 1626 1268 1673 sic
1289 1625 1508 1687 redemit,
1531 1627 1653 1674 sicut
1675 1643 1795 1692 prae-

375 1717 483 1748 sens
504 1712 779 1768 nostrorum
801 1704 1061 1751 criminum
1090 1703 1376 1767 suffragator
1391 1742 1404 1766 ,
1439 1705 1521 1769 qui
1545 1721 1646 1751 uno
1670 1704 1770 1751 ictu
1787 1741 1799 1764 ,

376 1795 571 1844 unoque
591 1791 859 1844 momento,
884 1782 987 1829 sine
1013 1783 1303 1830 numismate
1334 1782 1464 1842 auri,
1491 1791 1539 1829 et
1562 1798 1739 1847 corpus
1776 1796 1804 1828 a

380 1855 637 1919 debilitate,
666 1869 713 1906 et
730 1859 1068 1909 -conditionem
1089 1859 1295 1908 absolvit
1311 1859 1372 1908 ab
1391 1858 1575 1908 onere?

993 1993 1151 2030 CAPUT
1175 1994 1222 2029 V.

828 2086 881 2120 De
895 2085 1092 2133 paralytico
1108 2066 1403 2122 Auu'siodorensi.

447 2172 657 2231 Quidam
681 2190 738 2220 ex
764 2174 1136 2222 Autisiodorensi
1155 2175 1337 2241 oppido
1350 2178 1379 2237 ¹,
1411 2177 1665 2224 Manlulsus
1680 2179 1694 2201 ²
1715 2195 1804 2225 no-

382 2250 538 2312 mine,
558 2250 887 2316 ⁴deferentium
915 2251 1137 2300 manibus
1179 2252 1241 2300 ad
1271 2252 1397 2301 beati
1424 2255 1615 2308 Martini
1650 2256 1808 2320 sepul-

381 2346 517 2376 crum
532 2330 735 2394 jactatus
758 2340 846 2378 est.
866 2331 960 2388 Qui
972 2331 1075 2394 jugi
1094 2332 1312 2379 oratione
1340 2342 1386 2379 et
1405 2332 1589 2396 jejunio
1619 2333 1807 2380 incum-

381 2406 518 2468 bens,
545 2408 690 2473 pedes
716 2425 838 2472 quos
866 2409 1070 2457 intortos
1099 2410 1402 2470 exhibuerat,
1432 2411 1616 2458 reddita
1644 2412 1806 2460 subito

433 2547 488 2594 (1)
510 2548 575 2583 Ex·
594 2547 870 2596 Autissiodoro,
890 2560 976 2599 sup.
996 2549 1090 2587 243.

440 2614 493 2661 (2)
518 2613 640 2652 Laud.
680 2613 774 2651 Bell.
814 2616 866 2662 (et
897 2615 1048 2662 5335),
1083 2616 1309 2666 Malulfus;
1346 2617 1480 2664 (2204,
1516 2617 1620 2656 5326
1650 2619 1711 2665 et)
1741 2615 1807 2656 alii

384 2679 602 2728 Mallalfus.
619 2680 1075 2727 (R.)--Autisiodorensi
1099 2695 1199 2732 pago
1226 2683 1451 2732 Mallulfas,
1484 2684 1587 2721 5336
1615 2690 1654 2721 et
1681 2684 1805 2729 Cott.;

382 2745 679 2781 AutisIoderensi
692 2749 841 2782 civitate
856 2747 1061 2795 Mallttstcs,
1076 2748 1179 2784 5359
1197 2762 1207 2794 ;
1224 2749 1469 2797 Maudulfus,
1488 2750 1586 2787 3801
1609 2764 1619 2797 ;
1645 2750 1805 2787 Madlu-

381 2810 459 2858 fus,
477 2811 869 2860 53293Mallu1plaus‚
892 2813 1022 2859 5331.;
1045 2814 1250 2863 Maluffus,
1272 2814 1359 2865 Sag.
