2028 3458
459 270 534 305 2902
677 267 741 302 DE
772 263 1060 301 VIRTUTIBUS
1091 263 1259 299 SANCTI
1289 261 1668 298 MART1N1.—1v.

459 356 605 403 moris
620 353 727 401 saevi
737 351 896 415 jaculo
909 349 1165 410 sauciatur,
1182 348 1453 395 debilitatus
1470 347 1712 394 occubuit.
1738 350 1871 410 {sque

459 449 570 480 cum
594 448 621 478 a
645 440 777 495 patre
799 444 1007 493 paupere
1025 427 1125 473 sine
1149 427 1307 490 operis
1328 426 1563 473 beneficio
1579 434 1869 491 pasceretur,

461 521 512 557 ut
534 508 735 555 basilicae
766 507 914 554 sancti
941 505 1130 552 Martini
1164 504 1330 551 limina
1350 504 1667 564 oscularetur,
1690 512 1874 568 patrem

458 587 677 650 lacrymis
700 585 884 632 obortis
907 583 1148 647 efflagitat.
1173 582 1267 639 Qui
1285 598 1373 629 nec
1392 599 1527 629 mora
1545 582 1591 628 in
1619 582 1727 629 navi
1752 581 1875 645 posi-

460 675 578 722 tum,
598 662 709 727 quia
721 661 829 708 vehi
846 660 991 708 altera
1005 659 1250 706 evectione
1267 675 1364 705 non
1382 667 1585 723 poterat,
1602 668 1712 706 ante
1730 657 1875 723 pedes

459 742 625 801 sancti,
652 740 701 787 id
732 749 819 801 est,
848 739 959 786 foris
981 738 1278 802 sepulcrum,
1307 735 1458 783 filium
1489 737 1692 784 devotus
1726 752 1874 800 expo-

460 820 568 865 suit.
601 818 695 875 Qui
719 834 804 882 per
833 816 934 863 dies
965 815 1145 879 aliquot
1177 813 1384 861 orationi
1419 829 1609 872 vacans,
1647 823 1693 860 et
1726 813 1875 860 sancti

460 896 687 943 auxilium
710 910 929 959 poscens,
950 901 1111 939 amota
1133 890 1373 939 debilitate
1390 891 1577 938 sanitati
1595 890 1871 949 restituitur,

458 974 621 1037 sicque
643 988 754 1019 cum
776 971 991 1034 genitore
1013 969 1147 1016 domi
1172 968 1426 1016 incolumis
1449 969 1691 1015 restitutus
1714 977 1801 1013 est.

1035 1120 1191 1155 CAPUT
1216 1120 1297 1154 XV.

851 1224 903 1257 De
919 1221 1064 1256 homine
1084 1221 1146 1267 qui
1163 1232 1279 1255 ceram
1296 1219 1496 1255 transmisit.

532 1324 579 1364 ln
602 1318 838 1364 stiensi¹
865 1333 1059 1380 quoque
1084 1317 1322 1363 territorio
1347 1326 1446 1363 erat
1470 1316 1639 1372 homo,
1669 1315 1878 1362 Coelestis

466 1397 677 1456 nomine,
709 1395 785 1442 cui
816 1394 963 1441 multa
996 1403 1132 1441 erant
1158 1410 1304 1458 apum
1339 1393 1542 1439 alvearia
1570 1411 1579 1438 ε
1614 1410 1669 1439 ex
1706 1392 1880 1456 quibus

463 1490 574 1520 cum
597 1489 795 1520 examen
829 1487 1071 1535 egressum
1102 1470 1195 1518 alta
1225 1469 1554 1517 conscendens
1586 1469 1726 1533 longe
1749 1487 1881 1516 com-

467 1560 662 1615 peteret,
699 1560 746 1596 et
773 1548 850 1595 ille
885 1564 1115 1612 sequens,
1153 1546 1338 1594 nullum
1369 1563 1564 1611 prorsus
1592 1546 1881 1611 suscipiendi

464 1627 702 1674 obtineret
728 1625 969 1685 effectum,
996 1634 1260 1690 prostratus
1283 1625 1387 1670 solo
1410 1624 1561 1671 sancti
1590 1624 1777 1671 Martini
1807 1624 1881 1670 in-

465 1714 604 1751 vocat
628 1719 825 1764 nomen,
844 1702 1007 1751 dicens
1028 1720 1038 1748 :
1066 1722 1088 1745 ε(
1116 1702 1164 1748 Si
1187 1702 1335 1749 virtus
1352 1711 1449 1762 tua,
1472 1701 1741 1749 beatissime
1763 1718 1881 1748 con-

465 1781 630 1839 sessor,
658 1780 752 1826 hoc
770 1795 969 1826 examen
1001 1779 1205 1826 retinere
1227 1778 1450 1840 voluerit,
1473 1795 1681 1843 eumque
1712 1779 1878 1826 ditioni

466 1874 582 1904 meze
604 1855 880 1915 reddiderit,
908 1872 1012 1919 quae
1031 1855 1079 1901 in
1103 1864 1345 1919 posterum
1366 1871 1421 1901 ex
1441 1872 1500 1902 eo
1520 1866 1768 1920 procreata
1790 1857 1885 1902 fue-

465 1936 576 1995 rint,
599 1933 694 1980 mel
721 1932 885 1980 usibus
907 1933 1022 1979 meis
1044 1948 1230 1978 sumam
1246 1969 1258 1991 ,
1280 1949 1439 1979 ceram
1463 1949 1575 1979 vero
1595 1932 1658 1980 ad
1682 1933 1883 1980 lumina-

465 2013 534 2059 ria
554 2011 757 2058 basilicae
782 2021 871 2057 tuae
900 2026 1012 2056 cum
1044 2010 1178 2055 omni
1213 2009 1447 2057 soliditate
1475 2010 1694 2072 dirigam.
1723 2030 1746 2054 υ
1775 2014 1883 2058 Haec

465 2089 649 2147 effatus,
678 2105 789 2135 cum
813 2086 972 2134 adhuc
994 2096 1128 2133 terrae
1147 2086 1481 2147 decumberet,
1503 2089 1659 2135 statim
1684 2104 1882 2135 examen

465 2178 611 2226 apum
628 2178 772 2225 super
790 2177 933 2207 unam
950 2160 1270 2218 arbusculam,
1288 2177 1393 2224 quae
1410 2162 1512 2208 viro
1529 2171 1629 2209 erat
1645 2162 1879 2226 proxima,

466 2238 644 2285 decidit
665 2249 712 2284 et
735 2238 923 2296 insedit,
949 2238 1300 2301 collectumque
1319 2248 1364 2285 et
1387 2239 1434 2286 in
1459 2240 1643 2286 alveare
1666 2240 1884 2286 recondi-

468 2326 569 2362 tum
597 2316 728 2362 domi
758 2315 926 2362 detulit
949 2332 959 2361 ε
987 2315 1047 2362 de
1070 2332 1167 2379 quo
1193 2315 1313 2381 insta
1341 2316 1464 2363 duos
1493 2327 1574 2363 aut
1604 2327 1697 2364 tres
1731 2335 1885 2365 annos

467 2394 614 2441 multa
636 2394 956 2457 congregavit.
987 2396 1054 2440 Ex
1077 2393 1251 2458 quibus
1273 2411 1383 2441 cum
1401 2396 1503 2459 jam
1519 2396 1723 2462 amplius
1739 2414 1885 2461 quam

515 2603 570 2648 (1)
591 2600 652 2639 Sic
670 2600 771 2639 Clar.
797 2600 871 2638 Alii
893 2609 1023 2638 autem
1043 2601 1186 2648 (2204,
1218 2603 1338 2648 3801,
1369 2603 1494 2647 5326,
1520 2603 1638 2650 5329,
1661 2602 1752 2655 etc.)
1780 2607 1885 2640 Aus-

462 2669 590 2705 riensi.
622 2667 751 2719 Bign„
780 2668 991 2704 Ausciensi.
1028 2666 1098 2704 nic
1129 2666 1246 2704 dubio
1271 2667 1405 2718 procul
1439 2668 1613 2706 Asiacum
1648 2668 1883 2720 designatur,

465 2733 579 2784 vulgo
601 2736 715 2781 Amy,
738 2731 847 2780 cujus
871 2731 1034 2770 nominis
1057 2732 1272 2783 complures
1297 2741 1382 2770 sunt
1404 2733 1475 2770 vici
1499 2734 1535 2770 in
1556 2732 1786 2771 Tumuibus.
1809 2737 1886 2781 (R.)
