2028 3458
467 344 518 381 70
684 344 749 379 DE
778 340 1070 378 VIRTUTIRUS
1099 339 1270 375 SANCTI
1301 338 1522 374 MARTtNl.
1549 359 1599 365 —
1624 338 1657 376 1.

461 433 684 492 cantui-¹,
724 430 802 477 alii
839 427 1037 493 rupibus
1074 426 1452 491 praecipitantur,
1491 423 1571 472 alii
1604 442 1653 472 se
1693 425 1884 491 sepibus

462 509 744 573 ingerenteS,
771 506 993 571 palorum
1017 502 1319 551 acuminibus
1338 501 1465 550 ultro
1486 502 1880 551 transfodiuntur.

464 586 674 635 Tandem
695 583 939 632 stabularii
959 582 1079 629 iram
1099 582 1187 628 Dei
1207 580 1535 645 intelligentes,
1555 598 1736 648 paucos
1755 593 1886 632 extra

466 665 718 713 terminum
750 661 874 721 loci,
904 675 1027 724 quos
1061 660 1249 724 assequi
1286 669 1575 724 potuerunt,
1611 661 1880 727 expellunt,

465 755 696 803 sanosque
730 738 982 803 recipiunt,
1021 737 1296 784 nuntiantes
1323 737 1424 801 regi
1453 754 1555 785 rem
1579 738 1709 787 illam
1734 740 1887 804 injus-

464 819 639 865 tissime
671 815 881 862 retineri.
912 817 971 861 Et
1008 814 1117 861 ideo
1146 815 1247 861 haec
1276 831 1388 861 cum
1426 814 1621 863 fuissent
1654 819 1885 884 perpessi,

465 897 684 944 dixerunt
704 912 716 941 ε
745 893 983 941 «Dimitte
1007 909 1130 954 eam,
1158 903 1206 941 et
1229 894 1317 940 erit
1335 909 1426 959 pax
1444 893 1548 940 tibi.
1566 913 1590 939 »
1610 896 1705 953 Qui
1727 895 1888 944 surore

466 972 671 1037 repletus
703 972 770 1018 sic
805 970 977 1018 dixisse
1002 970 1150 1018 fertur
1173 987 1184 1018 ε
1215 990 1239 1015 «
1270 972 1380 1018 Sive
1405 971 1531 1035 juste
1549 1008 1561 1032 ,
1590 972 1690 1020 sive
1714 974 1889 1037 injuste

465 1050 600 1097 reddi
629 1049 819 1109 debeat,
859 1058 1088 1111 regnante
1126 1066 1205 1097 me
1233 1049 1360 1097 hanc
1386 1049 1582 1098 basilica
1613 1068 1712 1098 non
1741 1052 1891 1100 habe-

465 1127 550 1175 bit.
582 1147 605 1171 w
645 1127 738 1185 Qui
773 1126 995 1192 protinus
1033 1125 1194 1174 divina
1227 1127 1441 1191 jussione
1479 1129 1734 1176 transitum
1765 1130 1891 1177 acci·

466 1207 601 1272 piens
624 1206 874 1270 requievit.
902 1205 1200 1254 Adveniente
1219 1216 1380 1254 autem
1404 1207 1746 1271 gloriosissimo
1770 1209 1894 1272 Sige-

467 1282 605 1331 berto
629 1286 643 1309 ²
669 1299 779 1347 rege
803 1284 852 1329 in
886 1282 988 1347 ejus
1020 1299 1245 1346 regnum,
1285 1284 1347 1331 ad
1382 1286 1734 1349 suggestionem
1768 1286 1896 1334 beati

470 1362 684 1408 Eufironii
705 1362 919 1427 episcopi
941 1361 1036 1408 hoc
1059 1362 1106 1409 in
1132 1361 1351 1409 dominio
1369 1364 1531 1410 Sancti
1548 1365 1740 1411 Martini
1759 1365 1895 1412 resti-

469 1440 577 1498 tui-t,
604 1439 737 1503 quod
777 1455 928 1503 usque
962 1438 1111 1486 hodie
1148 1439 1210 1487 ab
1240 1440 1342 1504 ejus
1375 1439 1570 1489 basilica
1601 1442 1892 1507 possidetur.

472 1516 640 1564 Audite
672 1516 773 1564 haec
799 1532 972 1567 omnes
998 1526 1285 1582 potestatem
1319 1518 1571 1567 habentes.
1616 1520 1694 1567 Sic
1729 1521 1897 1569 vestite

473 1594 608 1655 alios,
644 1604 697 1642 ut
733 1594 852 1642 alios
885 1611 985 1641 non
1026 1594 1273 1660 spolietis:
1317 1595 1414 1644 hoc
1451 1597 1695 1662 adjungite
1731 1598 1899 1646 vestris

474 1670 667 1731 divitiis,
694 1672 824 1720 unde
845 1671 1082 1719 damnum
1104 1689 1205 1720 non
1232 1673 1444 1721 inseratis
1467 1675 1691 1723 ecclesiis.
1712 1675 1898 1722 Vindex

474 1758 545 1796 est
579 1750 709 1797 enim
740 1753 868 1798 Deus
902 1750 1132 1798 velociter
1164 1767 1414 1799 servorum
1450 1769 1670 1801 suorum.
1703 1756 1759 1801 Et
1788 1753 1899 1802 ideo

476 1843 731 1875 monemus
755 1837 806 1874 ut
828 1829 912 1893 qui
935 1828 996 1875 de
1020 1828 1335 1894 potestatibus
1359 1829 1460 1878 haec
1484 1830 1666 1894 legerit,
1693 1847 1792 1878 nou
1815 1832 1902 1879 ira-

479 1914 653 1952 scatur.
678 1908 796 1954 Nam
819 1906 859 1953 si
880 1906 1115 1968 irascitur,
1139 1905 1200 1954 de
1222 1922 1272 1954 se
1293 1907 1604 1956 confitebitur
1622 1909 1821 1957 dictum.

1034 2078 1194 2128 capu'r
1219 2078 1342 2115 xxx.

927 2173 979 2209 De
997 2173 1194 2214 Eustochio
1210 2175 1406 2211 Pictavensi
1421 2177 1450 2212 ⁸.

548 2263 698 2311 Simili
735 2264 1012 2314 conditione
1053 2267 1223 2316 beatus
1260 2269 1508 2318 consessor
1545 2270 1595 2318 in
1631 2269 1777 2318 rebus
1813 2270 1902 2319 sibi

485 2340 656 2405 injuste
682 2340 850 2390 ablatis
872 2345 1108 2409 apparuit.
1134 2346 1420 2395 Eustochius
1443 2347 1641 2413 quidam
1658 2365 1768 2395 cum
1800 2348 1906 2414 ple-

486 2434 689 2482 rumque
727 2430 894 2468 contra
927 2421 1159 2485 justitiam
1202 2436 1424 2473 sanctum
1470 2426 1753 2475 Eufronium
1794 2428 1906 2493 epi—

488 2513 686 2563 scopum
712 2498 771 2546 de
795 2499 1067 2550 haereditate
1094 2504 1311 2553 Baudulfi
1344 2506 1534 2570 cognati
1566 2507 1641 2554 sui
1672 2505 1901 2572 pulsaret,

543 2722 596 2768 (¹)
618 2723 725 2769 Bec„
747 2732 978 2760 exnecantur
994 2727 1089 2774 (R).

543 2785 820 2837 (2)Sigeber10‚
855 2790 983 2835 5329;
1008 2790 1217 2840 sigilbertu,
1239 2794 1342 2831 5334
1360 2804 1370 2841 3
1392 2792 1512 2831 Cl.-F.
1534 2792 1711 2839 Eufroni.

544 2853 599 2899 (3)
616 2855 674 2890 Dc
695 2855 920 2891 Heastachio
937 2857 1192 2906 Pictavi-ense,
1216 2859 1339 2897 Cl.-F.
