2028 3458
445 243 522 279 284
661 243 726 278 DE
755 241 1049 278 VIRTUTIBUS
1078 241 1250 278 SANCTI
1279 242 1503 279 MARTINI.
1528 242 1663 279 —1v.

1012 410 1169 444 CAPUT
1194 410 1300 445 VIII.

710 494 763 527 De
778 492 922 527 basilica
936 492 1046 526 sancti
1064 491 1162 540 apud
1179 493 1306 527 urbem
1326 491 1584 527 Sanctonicam.

512 580 732 627 Praesenti
766 597 880 628 vero
925 597 1073 640 anno,
1118 580 1355 628 Palladius
1402 582 1696 628 Sanctonicae
1736 580 1867 627 urbis

446 657 728 723 episcopus,
766 658 911 721 hujus
946 659 1098 706 sancti
1131 658 1417 705 confessoris
1454 658 1675 722 reliquias
1712 659 1864 724 petiit.

446 738 786 783 Construxerat
809 737 939 784 enim
962 737 1011 783 in
1037 736 1137 799 ejus
1162 736 1401 783 honorem
1422 735 1666 783 basilicam
1684 773 1696 794 ,
1722 753 1868 800 quam

444 812 520 859 his
553 814 836 877 pignoribus
865 814 1190 873 consecravit,
1229 814 1497 877 meruitque
1531 813 1597 859 ibi
1630 814 1869 877 suscipere

447 891 679 938 miracula
698 908 803 956 quae
824 892 992 957 saepius
1010 890 1125 938 urbs
1140 891 1336 956 propria
1351 889 1495 938 habet
1514 899 1724 954 experta.
1750 893 1868 937 Nam

446 978 558 1033 post
590 968 802 1016 duorum
828 979 912 1017 aut
943 970 1089 1016 trium
1127 969 1366 1016 mensium
1400 967 1658 1026 curricula,
1692 967 1870 1014 litteras

444 1045 546 1108 ejus
574 1047 761 1111 accepi,
786 1047 834 1092 in
859 1046 1036 1110 quibus
1063 1045 1291 1093 indicavit
1322 1055 1415 1092 tres
1441 1044 1725 1110 paralyticos
1756 1062 1871 1092 con-

446 1124 608 1170 tractis
634 1123 839 1189 pedibus
871 1123 1142 1183 advenisse,
1169 1123 1252 1187 qui
1276 1123 1435 1170 statim
1468 1132 1523 1169 ut
1550 1123 1599 1168 in
1627 1121 1870 1169 basilicam

446 1199 647 1264 ingressi
669 1201 939 1248 orationem
957 1200 1199 1260 fuderunt,
1231 1200 1422 1247 directis
1440 1199 1664 1262 vestigiis,
1684 1200 1871 1246 sanitati

446 1287 557 1324 sunt
574 1277 767 1325 redditi.
796 1280 905 1324 Duo
930 1278 1040 1324 caeci
1063 1278 1112 1323 in
1131 1294 1190 1324 eo
1210 1278 1320 1324 loco
1341 1277 1503 1323 lumen
1527 1277 1736 1340 recipere
1752 1277 1872 1323 facta

445 1355 668 1401 oratione
708 1364 1010 1412 meruerunt,
1043 1364 1090 1401 et
1121 1354 1325 1418 amplius
1366 1370 1511 1418 quam
1550 1353 1806 1399 duodecim
1843 1370 1870 1400 a

446 1431 576 1478 febre
609 1432 866 1496 frigoritica
891 1432 1103 1491 detenti,
1139 1431 1342 1497 depulso
1375 1441 1586 1483 tremore
1619 1431 1871 1478 convalue-

447 1517 576 1554 runt.

1042 1591 1198 1628 CAPUT
1217 1591 1284 1626 IX.

920 1675 973 1709 De
991 1673 1132 1709 duobus
1151 1672 1393 1722 dysentericis,

514 1760 623 1804 Duo
641 1756 702 1804 de
715 1758 876 1822 pueris
893 1759 1086 1819 nostris,
1107 1757 1306 1805 clericus
1322 1756 1499 1804 scilicet
1511 1755 1820 1819 Dagobaldus
1835 1756 1868 1813 ¹,

447 1844 495 1882 et
515 1834 663 1882 laicus
678 1835 979 1891 Theodorus,
1000 1835 1323 1900 dysenteriam
1340 1851 1451 1881 cum
1475 1834 1605 1881 febre
1624 1833 1874 1898 patieban-

450 1922 550 1973 tur3
578 1913 626 1958 in
651 1922 936 1976 tantumque
960 1913 1117 1960 lassati
1143 1912 1316 1959 morbo
1339 1921 1500 1969 erant,
1527 1921 1580 1958 ut
1605 1927 1705 1957 non
1739 1911 1875 1957 aliter

450 1987 543 2033 nisi
568 1986 788 2034 manibus
810 1987 1039 2047 aliorum,
1067 2003 1179 2033 cum
1203 1986 1481 2049 digestionis
1506 1985 1759 2031 necessitas
1790 1984 1872 2030 ad-

448 2064 670 2125 venisset,
696 2081 723 2111 e
746 2073 894 2111 strato
917 2063 1297 2111 sublevarentur.
1335 2061 1431 2109 Sed
1453 2061 1515 2108 de
1540 2061 1743 2127 sepulcri
1768 2060 1874 2126 pul-

446 2158 558 2188 vere
581 2141 772 2202 hausto,
799 2142 959 2188 statim
985 2142 1348 2188 convaluerunt.

1044 2302 1199 2336 CAPUT
1221 2301 1268 2336 X.

835 2385 886 2419 De
902 2384 1036 2431 patenis
1054 2396 1140 2430 quas
1156 2392 1295 2418 sanctus
1311 2383 1486 2419 exhibuit.

520 2470 599 2514 Est
622 2466 751 2532 apud
769 2483 858 2513 nos
884 2476 1058 2531 patena
1081 2466 1243 2513 colore
1267 2465 1566 2530 sapphirino,
1594 2479 1739 2527 quam
1762 2463 1876 2509 dici-

451 2554 530 2591 tur
550 2554 741 2592 sanctus
765 2544 825 2591 de
848 2545 1037 2591 Maximi
1063 2543 1365 2608 imperatoris
1388 2542 1610 2589 thesauro
1633 2540 1872 2598 detulisse,

505 2734 561 2787 (l)
584 2737 679 2774 :5801
709 2735 941 2788 Dagoaldus.
