2028 3458
477 294 554 331 258
674 297 741 333 DE
770 294 1061 332 VIRTUTIBUS
1094 293 1266 331 SANCTI
1295 294 1516 332 MARTINI.
1538 295 1676 332 —111.

1041 441 1196 475 CAPUT
1220 441 1299 476 LII.

946 524 998 557 De
1019 524 1147 559 clerico
1164 523 1398 572 dysenterico.

536 620 618 665 His
643 618 813 665 diebus
833 618 1028 681 quando
1055 617 1195 664 nobis
1217 618 1317 665 haec
1337 618 1482 666 relata
1506 630 1632 680 sunt,
1654 637 1777 667 unus
1793 620 1884 668 cle-

467 696 676 742 ricorum
697 705 971 742 nostrorum
991 696 1164 742 ventris
1186 695 1364 742 fluxum
1388 696 1586 743 incurrit
1603 714 1711 744 cum
1732 698 1878 751 febre,

466 788 520 818 ac
543 771 738 817 nimiam
762 771 1077 818 defectionem
1102 771 1355 831 stomachi3
1384 781 1429 818 et
1463 789 1567 836 quoe
1601 774 1880 837 projiciebat

464 865 549 912 per
577 848 851 894 inferiorem
882 857 1089 911 partem,
1117 864 1227 912 pars
1261 848 1468 895 maxima
1498 864 1641 894 cruor
1675 859 1790 896 erat.
1830 854 1885 897 Et

464 941 519 971 ea
542 941 683 972 causa
706 942 817 971 eum
843 926 990 988 magis
1012 924 1250 983 affecerat,
1277 926 1388 988 quia
1411 925 1574 971 cibum
1597 942 1740 989 quem
1762 928 1885 973 acci-

463 1003 646 1068 piebat,
685 1003 1004 1050 invalescente
1038 1018 1240 1058 nausea,
1283 1003 1443 1049 statim
1475 1002 1715 1066 rejiciebat
1751 1021 1762 1049 :
1801 1004 1884 1051 sed

461 1081 704 1145 protinus,
732 1090 783 1126 ut
806 1079 865 1126 de
893 1080 1099 1145 sepulcri
1124 1080 1321 1145 pulvere
1348 1080 1491 1140 bibit,
1518 1082 1651 1128 omni
1683 1081 1881 1129 infirmi·

462 1167 555 1204 tate
579 1157 790 1222 dempta,
820 1156 1034 1204 firmatus
1054 1166 1139 1203 est.

1035 1281 1190 1315 CAPUT
1216 1281 1315 1315 LIII.

830 1364 884 1398 De
899 1375 1055 1410 appenso
1071 1363 1246 1399 absoluto.
1266 1365 1355 1397 Item
1374 1362 1418 1398 de
1434 1363 1517 1398 alio.

532 1459 625 1507 Sed
650 1476 737 1506 nec
760 1459 854 1506 hoc
877 1459 1114 1506 silendum
1137 1461 1315 1525 putavi,
1339 1460 1473 1524 quod
1497 1460 1664 1524 saepius
1688 1461 1735 1506 in
1760 1477 1885 1507 mor-

470 1545 563 1582 tem
599 1536 858 1601 praecipites
877 1574 887 1594 ‚
916 1546 1108 1583 extensa
1138 1538 1321 1601 pietatis
1351 1537 1542 1584 dextera
1560 1573 1571 1595 ,
1599 1537 1879 1584 sublevavit.

467 1614 684 1677 Denique
701 1614 939 1660 Genitoris
958 1614 1071 1660 civis
1092 1614 1241 1660 nostri
1263 1630 1426 1660 servus
1444 1630 1470 1660 a
1486 1614 1646 1677 judice
1666 1631 1754 1679 pro
1776 1614 1886 1660 furti

467 1692 643 1738 scelere
666 1690 1057 1755 comprehensuS,
1084 1690 1299 1754 patibulo
1322 1690 1637 1753 adjudicatur.
1659 1692 1753 1748 Qui
1771 1691 1886 1738 dum

471 1768 753 1827 duceretur,
781 1785 958 1815 nomen
985 1767 1109 1815 beati
1133 1769 1351 1815 antistitis
1373 1768 1647 1828 invocabat,
1678 1768 1840 1815 dicens
1870 1786 1880 1813 :

473 1865 496 1890 «
523 1845 691 1892 Libera
713 1861 806 1903 me,
833 1855 992 1892 sancte
1017 1845 1261 1892 consessor
1283 1846 1507 1905 Martine‚
1534 1845 1595 1892 ab
1618 1844 1885 1892 imminenti

469 1923 701 1987 periculo.
725 1943 749 1965 »
770 1926 1015 1987 Appensus
1031 1923 1171 1986 igitur
1191 1939 1246 1969 ac
1264 1922 1393 1968 solus
1413 1921 1617 1981 relictus,
1639 1931 1885 1968 commoto

472 1998 629 2045 subito
663 2008 836 2059 vent0‚
862 1999 1043 2046 audivit
1071 1996 1239 2046 vocem
1269 1999 1523 2045 dicentem.
1562 2018 1584 2041 «
1612 1998 1887 2045 Liberemus

473 2093 604 2123 eum.
625 2096 647 2119 »
670 2080 728 2123 Et
750 2092 859 2122 ecce
883 2091 910 2122 a
932 2085 1135 2139 quatuor
1155 2075 1368 2139 partibus
1391 2075 1496 2122 coeli
1522 2092 1781 2122 concussus
1798 2075 1886 2121 sti—

474 2170 558 2218 pes
584 2153 666 2215 qui
688 2152 936 2199 hominem
960 2152 1276 2211 sustentabat,
1303 2169 1413 2199 cum
1449 2153 1684 2199 immenso
1710 2153 1887 2216 cespite

476 2231 524 2276 in
558 2229 757 2275 modum
781 2228 963 2275 arboris
985 2229 1231 2276 eradicatae
1252 2245 1279 2275 a
1307 2239 1431 2276 terra
1454 2229 1716 2288 divellitur,
1746 2239 1793 2276 et
1820 2229 1886 2275 sic

475 2306 626 2352 homo
651 2305 791 2351 morti
816 2305 1002 2352 deditus
1026 2305 1262 2352 redivivus
1289 2306 1498 2369 erigitur.
1540 2306 1667 2352 Alius
1692 2323 1886 2370 quoque

476 2384 555 2446 qui
582 2382 727 2429 multa
751 2383 921 2429 fecerat
945 2381 1137 2442 scelera,
1164 2393 1226 2443 et,
1255 2394 1570 2448 compunctus
1594 2401 1620 2431 a
1643 2387 1763 2443 Deo,
1789 2401 1888 2449 poe·

475 2462 724 2508 nitentiam
748 2477 836 2526 pro
857 2460 991 2507 malis
1010 2477 1114 2524 quae
1137 2471 1339 2524 gesserat
1359 2462 1542 2524 agebat,
1565 2462 1889 2527 apprehensus

475 2538 578 2586 sine
607 2553 776 2595 causa,
814 2537 950 2583 simili
985 2554 1102 2584 nece
1143 2538 1413 2597 damnatur,
1442 2539 1670 2586 invocans
1701 2555 1888 2603 semper

475 2614 626 2662 sancti
642 2613 929 2661 confessoris
945 2612 1188 2661 auxilium.
1213 2615 1431 2672 Quicum
1452 2632 1691 2681 appensus
1709 2615 1883 2673 suisset,

475 2685 701 2756 disruptis
735 2690 931 2737 vinculis
970 2690 1137 2738 illaesus
1171 2691 1231 2738 ad
1266 2701 1437 2739 terram
1476 2693 1586 2739 ruit.
1635 2691 1727 2739 Sed
1766 2690 1886 2738 mala

475 2785 609 2815 mens
637 2768 888 2815 hominum
919 2769 1087 2815 iterum
1120 2770 1347 2832 appendit
1374 2782 1515 2834 quem
1547 2773 1675 2816 Deus
1695 2769 1882 2833 eripuit.
