2028 3458
438 284 515 321 394
799 281 866 317 DE
895 279 1086 317 GLORIA
1113 278 1485 316 CONFESSORUM.

439 372 538 435 ejus
556 370 660 416 Vita
681 366 1049 432 conscripsimus
1070 366 1441 414 memoravimus
1454 403 1467 423 ‚
1500 382 1605 430 quae
1629 364 1854 430 deinceps

439 457 567 512 gesta
600 454 711 492 sunt
747 453 903 491 tacere
937 443 1257 505 nequivimus.
1304 441 1495 490 Probati
1531 442 1854 490 archidiaconi

439 525 586 573 nostri
608 522 784 571 famula
809 521 1011 586 graviter
1030 537 1059 568 a
1078 530 1312 585 quartano
1336 530 1450 585 typo
1471 520 1790 585 quatiebatur,
1812 529 1858 567 et

433 604 533 668 jam
558 617 709 666 prope
731 615 911 647 annum
933 599 983 645 in
1007 597 1099 646 hac
1129 597 1260 644 febre
1284 597 1543 662 aegrotabat
1563 616 1574 645 :
1606 615 1711 662 quae
1733 598 1857 645 inter

439 694 608 726 manus
632 686 885 743 parentum
914 675 1130 741 deposita
1160 691 1303 740 super
1332 675 1571 722 tumulum
1605 685 1819 723 sanctum
1840 710 1852 734 ‚

439 757 637 803 domum
664 754 917 802 incolumis
939 763 1009 801 est
1034 751 1199 800 relata.

997 909 1151 945 CAPUT
1175 908 1295 944 XXV.

967 1010 1018 1044 De
1036 1009 1176 1045 Senoch
1195 1009 1336 1044 abbate.

505 1121 695 1170 Senoch
715 1120 899 1169 abbatis
919 1122 1025 1168 Vita
1045 1120 1231 1168 dudum
1251 1137 1279 1168 a
1301 1119 1441 1167 nobis
1463 1120 1639 1185 scripta
1665 1120 1767 1167 fuit.
1806 1122 1859 1166 ln

440 1217 538 1264 quo
557 1199 719 1246 libello
738 1199 899 1246 multis
916 1199 1128 1263 eJ'usdem
1153 1199 1403 1246 virtutibus
1425 1199 1698 1246 memoratis
1715 1197 1862 1246 finem

443 1277 670 1324 fecimus:
697 1276 780 1324 sed
803 1277 1035 1340 quoniam
1065 1275 1126 1323 ad
1152 1276 1254 1340 ejus
1279 1277 1518 1323 tumulum
1541 1277 1689 1322 virtus
1713 1293 1866 1341 appa-

444 1355 560 1415 ruit,
596 1354 722 1401 sileri
755 1370 782 1400 a
811 1353 952 1400 nobis
982 1352 1246 1400 absurdum
1282 1354 1382 1400 fuit.
1426 1353 1673 1400 Nantulfus
1705 1363 1864 1400 autem

443 1449 561 1498 puer
599 1432 747 1479 nimia
778 1433 985 1478 caecitate
1024 1431 1262 1489 detentus,
1303 1442 1350 1478 et.
1382 1432 1535 1496 ipsam
1559 1431 1719 1479 adhuc
1750 1430 1866 1477 ado·

440 1510 715 1558 lescentiam
754 1509 901 1556 aetatis
935 1509 1099 1573 primae
1135 1508 1195 1556 ab
1244 1509 1339 1556 hoc
1375 1510 1597 1573 contagio
1640 1508 1866 1574 deturpa-

442 1596 538 1633 tam
564 1587 741 1651 jugiter
773 1586 972 1648 deflens,
1010 1586 1152 1650 hujus
1187 1588 1336 1634 sancti
1358 1588 1566 1652 -expetiit
1605 1587 1861 1645 tumulum,

442 1675 583 1729 atque
618 1673 897 1729 prostratus,
934 1673 981 1711 et
1015 1663 1186 1711 humili
1223 1680 1363 1728 prece
1400 1663 1649 1724 subnixus,
1690 1664 1868 1728 flagitat

442 1740 533 1787 sibi
556 1741 658 1805 ejus
686 1740 912 1805 suffragio
935 1741 1093 1788 lucem
1125 1741 1361 1807 perditam
1394 1742 1629 1789 revocari.
1665 1741 1866 1800 Quatri—

443 1818 593 1865 duum
618 1820 665 1866 in
687 1819 783 1867 hoc
803 1830 997 1885 precatu
1026 1819 1310 1885 perdurans,
1338 1820 1555 1867 reseratis
1582 1819 1732 1867 oculis
1754 1819 1866 1867 illu-

445 1897 650 1944 minatus
686 1896 928 1944 abscessit.
963 1897 1056 1944 Sed
1089 1907 1136 1945 et
1170 1914 1299 1945 nunc
1328 1897 1466 1945 multi
1498 1899 1865 1962 frigoriticorum

443 1975 742 2040 aliorumque
775 1975 1062 2023 morborum
1085 1975 1266 2023 detenti
1289 1976 1619 2033 incommodo,
1657 1986 1705 2023 ut
1739 1976 1867 2042 pallii

443 2053 544 2116 ejus
565 2064 647 2101 aut
670 2053 996 2119 decerpserint
1031 2053 1261 2114 fimbrias,
1297 2064 1379 2102 aut
1414 2054 1717 2117 contigerint,
1756 2070 1865 2101 mox

445 2140 691 2178 sanantur.
716 2134 957 2179 Hactenus
976 2131 1036 2179 de
1054 2132 1318 2179 Turonicis.

1001 2291 1158 2328 CAPUT
1182 2292 1319 2328 xxvt.

845 2399 897 2432 De
916 2405 1037 2433 sancto
1056 2398 1220 2434 Simeone
1239 2410 1260 2432 a
1274 2397 1463 2432 Columna.

513 2505 707 2551 Simeon
746 2522 861 2553 vero
894 2503 1158 2562 confessor,
1184 2504 1338 2568 quiin
1369 2504 1596 2552 columna
1626 2505 1734 2570 pagi
1773 2506 1864 2551 An·

449 2581 707 2630 tiochensis
744 2583 917 2631 dicitur
954 2583 1133 2631 stetisse
1156 2586 1185 2642 ¹,
1214 2583 1483 2647 frequenter
1507 2583 1676 2631 incolis
1707 2581 1871 2630 tribuit

502 2741 556 2786 (1)
586 2743 629 2778 In
647 2741 770 2782 Laud.
790 2742 900 2789 add.‚
920 2742 996 2781 alia
1015 2741 1082 2781 sed
1100 2742 1257 2794 antiqua
1275 2756 1407 2794 manu,
1429 2748 1469 2781 in
1488 2746 1646 2782 ecclesia
1663 2758 1742 2794 (μω
1762 2758 1868 2782 νοσα-

451 2808 512 2836 tur·
530 2802 777 2842 Poenitentiae.
800 2805 879 2851 (R.)
