2028 3458
488 254 564 290 356
853 250 918 286 DE
948 247 1137 285 GLORIA
1164 245 1536 284 CONFESSORUM.

1073 387 1233 422 CAPUT
1259 387 1326 420 VI.

891 490 943 523 De
961 487 1080 535 lapide
1096 489 1133 522 in
1152 500 1224 534 quo
1245 495 1384 522 sanctus
1398 486 1500 521 sedit.

552 597 758 646 Plurima
798 595 996 660 quidem
1037 596 1144 642 fecit
1185 596 1233 642 in
1270 594 1366 641 hoc
1405 594 1594 652 saeculo,
1638 594 1699 641 de
1734 594 1908 659 quihus

487 676 740 740 scriptores
776 675 877 738 ejus
915 674 1028 720 Vitae
1065 672 1214 720 multa
1244 674 1596 737 praeterierunt,
1635 673 1752 720 dum
1789 673 1909 719 sasti-

485 753 620 800 dium
643 769 804 800 arcere
829 750 1183 798 detrahentium
1207 751 1358 797 adnisi
1382 760 1511 808 sunt,
1540 766 1601 796 ne
1624 766 1722 796 non
1746 751 1910 798 crede-

484 841 648 876 rentur
671 829 730 876 ab
754 830 828 875 his
860 829 941 892 qui
964 828 1208 874 bonorum
1232 828 1529 874 sanctitatem
1561 827 1734 889 linguis
1763 844 1908 874 vene-

484 908 585 955 ficis
607 909 889 973 impugnare
913 907 1080 971 saepius
1102 906 1287 952 volunt.
1315 906 1408 952 Sed
1432 922 1520 951 nos
1556 906 1639 969 qui
1668 905 1906 969 quotidie,

485 985 668 1049 indigni
685 984 900 1048 quidem,
918 985 1018 1047 ejus
1035 983 1262 1030 miracula
1280 983 1521 1029 cernimus
1540 982 1599 1029 ad
1617 984 1906 1048 sepulcrum,

486 1064 598 1127 quia
614 1080 713 1110 non
733 1073 801 1109 est
818 1079 939 1127 opus
957 1063 1083 1109 sanis
1104 1061 1335 1121 medicus,
1360 1061 1444 1107 sed
1464 1062 1545 1125 qui
1568 1061 1690 1108 male
1710 1061 1907 1121 habent,

486 1141 747 1187 absurdum
770 1140 994 1186 duximus
1022 1139 1060 1185 si
1087 1155 1142 1184 ea
1173 1155 1280 1202 quae
1317 1138 1562 1184 evidenter
1592 1138 1653 1185 ab
1689 1155 1747 1185 eo
1781 1139 1912 1203 prius

486 1228 615 1282 gesta
641 1218 955 1281 cognovimus
987 1217 1227 1262 sileamus.
1266 1216 1410 1273 Quod
1445 1217 1483 1262 si
1519 1218 1625 1280 quis
1655 1227 1723 1263 est
1754 1217 1913 1263 adhuc

486 1295 690 1342 infidelis
719 1305 765 1341 et
788 1294 1008 1354 aemulus,
1036 1304 1089 1340 ut
1130 1294 1230 1340 haec
1263 1310 1363 1340 non
1401 1293 1585 1353 credat,
1628 1294 1822 1340 accedat
1852 1293 1913 1340 ad

490 1373 728 1420 basilicam
749 1410 760 1432 ,
801 1382 848 1418 et
881 1371 1062 1419 videbit
1092 1371 1307 1434 quotidie
1342 1380 1388 1417 et
1426 1388 1551 1418 nova
1584 1373 1685 1435 agi,
1722 1382 1767 1418 et
1808 1389 1913 1436 quae

486 1451 607 1503 sacta
630 1450 816 1497 dudum
850 1450 1037 1496 fuerant
1068 1450 1244 1496 iterari.
1283 1452 1341 1494 Et
1364 1449 1475 1512 quia
1505 1451 1695 1496 tertium
1727 1450 1787 1497 de
1812 1452 1914 1513 ejus

485 1527 712 1593 operibus
734 1526 947 1574 libellum
968 1529 980 1552 ยน
1003 1527 1296 1591 scripsimus,
1321 1543 1383 1573 ne
1411 1537 1458 1573 et
1479 1526 1559 1573 hic
1582 1527 1702 1574 liber
1724 1527 1785 1574 ab
1814 1528 1914 1590 ejus

486 1604 743 1652 virtutibus
774 1605 833 1661 sit
867 1605 1111 1665 immunis,
1138 1604 1344 1651 scribere
1381 1605 1428 1650 in
1461 1604 1635 1652 eodem
1667 1605 1826 1668 aliqua
1855 1605 1915 1651 de

487 1680 564 1728 his
587 1698 694 1746 quae
722 1681 863 1728 nobis
887 1681 1133 1728 evidenter
1165 1690 1276 1727 sunt
1312 1691 1559 1746 comperta
1590 1682 1911 1742 tractavimus,

486 1759 598 1822 quia
617 1758 767 1805 multa
788 1768 917 1820 sunt,
944 1760 1065 1805 sicut
1087 1775 1208 1823 saepe
1234 1760 1390 1806 testati
1413 1776 1602 1821 sumus,
1631 1776 1737 1823 quae
1759 1760 1916 1807 hacte-

487 1853 579 1883 nus
602 1836 857 1884 latuerunt.
882 1840 1042 1884 Exstat
1060 1853 1191 1883 nunc
1213 1837 1262 1883 in
1286 1837 1389 1902 ipsa
1411 1838 1629 1902 superius
1653 1849 1916 1885 memorata

487 1912 706 1974 basilica,
739 1931 885 1979 quam
921 1915 967 1960 in
993 1916 1093 1979 ejus
1115 1914 1303 1961 honore
1339 1914 1504 1962 fideles
1535 1915 1912 1977 aedificaverunt,

488 1991 625 2057 lapis,
660 2009 802 2057 super
835 2009 981 2056 quem
1011 1993 1085 2039 vir
1115 1992 1284 2039 beatus
1315 1992 1488 2039 dicitur
1516 1993 1761 2041 resedisse.
1805 1997 1916 2040 Post

492 2070 699 2116 multum
717 2080 876 2117 autem
902 2080 1107 2135 tempus,
1134 2073 1230 2117 Leo
1248 2070 1446 2134 quidam
1465 2071 1729 2135 presbyter,
1752 2080 1803 2117 ut
1826 2070 1915 2117 sibi

492 2147 762 2211 sepulcrum
786 2149 1067 2213 deponeret,
1096 2147 1306 2211 lapidem
1328 2158 1548 2195 sanctum
1570 2164 1597 2195 a
1622 2148 1730 2195 loco
1754 2148 1917 2195 demo-

491 2225 561 2272 vit
582 2243 592 2271 :
614 2243 702 2273 nec
719 2243 871 2287 mora,
896 2226 957 2273 ad
978 2226 1177 2273 domum
1199 2242 1335 2273 suam
1354 2243 1464 2272 cum
1482 2236 1689 2273 tremore
1707 2227 1912 2285 rediens,

493 2314 739 2368 correptus
762 2321 790 2352 a
814 2303 971 2365 febre,
998 2304 1075 2350 die
1105 2304 1240 2350 tertia
1264 2304 1545 2368 exspiravit,
1575 2306 1916 2368 cognitumque

492 2391 563 2427 est
598 2381 834 2428 offensum
867 2383 1124 2428 antistitem
1158 2381 1399 2429 habuisse.
1439 2386 1542 2429 Hoc
1574 2384 1716 2447 igitur
1749 2393 1916 2430 nostro

493 2468 709 2524 tempore
731 2470 915 2523 gestum
939 2460 1210 2507 recolimus.

547 2635 602 2682 (1)
622 2635 703 2688 Bal.
726 2648 813 2673 cum
834 2636 932 2674 Vict.
956 2644 993 2673 et
1011 2635 1112 2674 Clar.
1134 2647 1207 2681 m.,
1224 2644 1451 2695 qftatuor....
1474 2637 1632 2679 libellos,
1654 2637 1736 2689 (R.)
