2028 3458
454 249 530 286 298
656 249 721 285 DE
750 248 1043 285 VIRTUTIBUS
1073 248 1246 286 SANCTI
1274 250 1497 286 MARTINI.
1519 268 1570 275 —
1594 250 1657 287 lv.

1003 425 1159 459 CAPUT
1183 424 1324 462 XVIII.

1008 517 1061 551 De
1079 517 1196 564 puella
1212 529 1315 554 caeca.

519 601 670 664 Hujus
702 601 881 648 etenim
912 599 1044 647 urbis
1076 601 1299 647 territorii
1330 601 1508 665 puella,
1541 599 1872 664 Viliogundis¹

455 677 713 740 vocabulo,
742 677 885 724 simili
909 677 1189 724 conditione
1212 673 1436 725 caecatur.
1462 680 1589 724 Dum
1613 678 1741 723 enim
1765 694 1877 724 cum

456 755 652 820 reliquis
679 755 902 820 puellulis
930 772 1018 821 per
1056 764 1226 802 stratas
1252 754 1373 801 villae
1410 753 1578 800 ludum
1611 754 1877 801 exercendo

455 834 768 893 discurreret,
807 834 938 880 venti
972 833 1200 880 violentia
1234 832 1389 898 pulvis
1424 832 1635 880 elevatus
1670 833 1881 897 opplevit

455 910 623 958 oculos
648 911 765 974 ejus.
801 912 918 968 Quae
953 911 1114 957 statim
1149 910 1400 957 doloribus
1432 919 1616 970 vexata,
1644 910 1775 974 petiit
1802 925 1882 973 pa-

456 998 613 1035 rentes
631 1005 762 1047 suos,
784 997 836 1035 ut
859 1003 965 1035 eam
987 987 1049 1035 ad
1070 987 1317 1035 basilicam
1345 988 1496 1035 sancti
1517 986 1706 1034 Martini
1734 985 1883 1032 dedu-

456 1076 635 1113 cerent·
663 1069 772 1124 Quo
794 1066 935 1127 sacto,
960 1067 1180 1131 protinus
1202 1076 1254 1113 ut
1273 1067 1542 1113 orationem
1562 1082 1650 1130 pro
1673 1080 1729 1111 ea
1752 1065 1881 1111 lude-

458 1155 585 1203 runt‚
615 1144 883 1191 illuminata
917 1155 1003 1191 est.
1040 1145 1187 1192 Nobis
1215 1162 1411 1210 quoque
1441 1144 1795 1207 egredientibus
1823 1144 1883 1190 de

458 1222 632 1268 sanctis
655 1221 906 1267 missarum
938 1220 1179 1269 solemniis
1211 1232 1524 1269 occurrerunt
1548 1220 1688 1267 simul
1718 1221 1884 1285 praefa·

460 1308 534 1345 tus
566 1315 686 1363 puer
719 1308 862 1362 atque
897 1298 1073 1363 puella,
1107 1299 1319 1346 dicentes
1353 1316 1403 1346 se
1435 1299 1536 1363 ipsa
1567 1298 1690 1344 hora
1720 1297 1884 1343 lumen

459 1377 634 1423 virtute
655 1375 782 1422 beati
804 1376 1025 1423 antistitis
1044 1377 1302 1441 recepisse..
1324 1377 1467 1434 Quod
1496 1375 1636 1423 nobis
1658 1392 1886 1439 magnum

462 1455 673 1520 praestitit
700 1455 927 1518 gaudium
958 1455 1283 1515 credentibus,
1313 1456 1447 1520 quod
1470 1473 1561 1503 nos
1582 1456 1730 1502 virtus
1759 1455 1887 1502 beati

461 1532 744 1579 confessoris
764 1532 952 1579 visitare
976 1531 1168 1596 dignata
1187 1533 1263 1580 sit.

1025 1699 1183 1734 CAPUT
1210 1699 1314 1734 XIX.

962 1797 1015 1830 De
1030 1805 1212 1832 contracto
1232 1805 1266 1831 et
1281 1808 1387 1831 caeco,

529 1879 751 1925 Litoveus
771 1880 785 1902 ²
808 1887 969 1924 autem
993 1878 1190 1942 quidam
1208 1915 1220 1939 ‚
1248 1895 1305 1926 ex
1327 1878 1527 1925 infantia
1553 1894 1638 1925 sua
1662 1877 1889 1925 membris

466 1955 652 2015 debilis,
679 1954 935 2002 accedente
959 1954 1088 2002 febre
1122 1965 1322 2002 caecatus
1346 1965 1446 2002 est:
1478 1955 1562 2002 sed
1586 1955 1646 2002 ad
1677 1955 1888 2020 superio-

467 2049 570 2079 rem
603 2033 798 2080 veniens
836 2032 1160 2094 festivitatem,
1197 2032 1387 2080 directis
1420 2032 1673 2092 membris,
1709 2032 1889 2078 lumine

468 2120 626 2157 tamen
651 2110 809 2157 adhuc
831 2110 1030 2175 dempto
1054 2110 1284 2157 discessit.
1319 2110 1413 2158 Sed
1435 2128 1545 2157 cum
1572 2110 1633 2157 ad
1658 2109 1784 2156 hanc
1809 2111 1891 2156 ite-

468 2203 578 2234 rum
595 2204 832 2250 regressus
849 2188 1009 2235 fuisset
1025 2188 1392 2248 solemnitatem,
1415 2188 1644 2252 exemptis
1663 2186 1887 2245 teneb1·iS‚

469 2265 634 2311 lumen
657 2266 699 2311 ei
724 2265 907 2312 clarum
930 2266 1156 2312 exoritur.

527 2460 581 2506 (1)
598 2459 704 2506 Gat.‚
721 2460 976 2509 Juliogunclis.
1002 2458 1121 2507 Edit„
1147 2460 1407 2509 Vigiogtmdis.
1430 2460 1511 2507 (R.)

527 2524 582 2570 (2)
598 2520 698 2558 Editi
721 2534 809 2559 cum
831 2521 951 2569 Clar.,
976 2524 1163 2560 Litoneus.
1178 2524 1259 2569 (R.)
