2028 3458
463 338 538 375 108
662 336 727 371 DE
761 335 1050 371 VIRTUTIBUS
1087 335 1258 372 SANCTI
1294 336 1515 372 MARTINI.
1539 357 1590 363 —
1610 337 1663 373 11.

1052 472 1208 507 CAPUT
1229 472 1277 509 X.

754 571 807 604 De
826 568 971 603 muliere
989 579 1009 602 a
1025 566 1204 614 profluvio
1224 566 1403 614 sanguinis
1417 566 1576 601 liberata.

524 666 617 715 Sed
634 681 723 712 nec
743 664 838 711 hoc
855 662 1022 723 silebo,
1043 662 1248 727 qualiter
1264 661 1393 709 velut
1412 678 1470 708 ex
1492 672 1623 709 veste
1642 662 1876 727 Redemp-

459 746 575 793 toris
598 743 764 802 nostri,
786 741 846 788 ad
866 741 1062 788 beatum
1082 740 1354 805 sepulcrum
1379 740 1532 787 fluxus
1554 740 1795 804 sanguinis
1818 741 1877 787 sit

457 823 671 870 siccatus.
710 819 879 867 Mulier
918 817 1137 883 quoedam
1165 829 1233 864 'ex
1275 815 1495 865 Arverno
1530 819 1728 865 veniens
1765 835 1876 864 cum

458 901 560 946 viro
594 915 700 957 suo,
732 897 793 944 de
821 913 945 962 pago
967 895 1280 943 Transaliensi
1304 896 1335 955 ¹,
1361 894 1600 959 profluvio
1634 895 1877 959 sanguinis

456 975 738 1040 aegrotabat,
771 991 907 1022 secus
938 983 1099 1021 autem
1133 973 1308 1020 atrium
1336 972 1539 1019 basilieae
1576 972 1877 1019 mansionem

455 1054 677 1101 habebat.
717 1055 832 1110 Quae
867 1051 1035 1099 diebus
1068 1051 1262 1115 singulis
1307 1050 1368 1097 ad
1406 1050 1555 1096 sancti
1592 1050 1878 1098 confessoris

456 1133 618 1180 limina
639 1133 819 1196 jacens,
844 1140 1081 1196 prostrata
1103 1146 1248 1194 opem
1268 1130 1479 1175 sanitatis
1500 1128 1743 1193 poscebat.
1766 1131 1879 1175 Fac-

458 1220 557 1257 tum
583 1219 652 1258 est
683 1220 842 1257 autem
874 1219 926 1255 ut
961 1207 1170 1273 quadam
1197 1206 1274 1253 die
1301 1206 1534 1253 accedens
1567 1206 1628 1253 ad
1660 1215 1878 1253 sanctum

458 1288 758 1352 sepulcrum,
793 1303 961 1347 orans,
995 1296 1041 1333 et
1068 1286 1317 1343 osculans,
1344 1284 1406 1331 de
1439 1283 1565 1349 palla
1596 1300 1702 1348 quoe
1737 1300 1880 1348 super

457 1376 528 1413 est
550 1366 728 1431 posita,
756 1381 893 1412 aures
912 1373 958 1411 et
981 1364 1148 1411 oculos
1173 1362 1262 1409 sibi
1286 1372 1517 1425 tangeret.
1548 1362 1768 1408 Protinus
1791 1362 1879 1407 sic-

455 1454 562 1491 cato
589 1444 689 1490 rivo
719 1443 979 1507 sanguinis,
1007 1443 1070 1489 ita
1094 1451 1258 1488 sanata
1295 1451 1383 1498 est,
1411 1450 1461 1487 ut
1492 1449 1681 1505 putaret
1717 1456 1766 1486 se
1794 1441 1880 1485 Re-

458 1521 719 1586 demptoris
746 1520 983 1568 fimbriam
1001 1519 1270 1583 contigisse.
1300 1518 1446 1582 Cujus
1471 1519 1543 1564 vir
1566 1519 1614 1564 in
1640 1517 1879 1565 valetudi-

458 1615 568 1645 nem
596 1599 800 1659 irruens,
831 1598 893 1646 ad
927 1599 1104 1645 ostium
1136 1596 1341 1644 basilicae
1372 1595 1593 1644 manibus
1631 1594 1879 1660 depositus

458 1676 678 1736 aliorum,
706 1676 907 1723 fideliter
929 1692 1155 1732 exorans,
1183 1675 1406 1722 restincta
1428 1674 1584 1735 febre,
1609 1672 1875 1720 convaluit.

462 1756 515 1799 Et
538 1753 605 1800 sic
622 1755 796 1818 pariter
818 1754 896 1800 hic
919 1754 980 1800 ab
1000 1753 1333 1811 incommodo,
1359 1752 1459 1798 haec
1491 1768 1518 1798 a
1540 1750 1782 1816 profluvio
1806 1766 1880 1797 sa-

458 1842 583 1893 nata,
613 1832 969 1897 magnificantes
1000 1836 1155 1879 Deum
1193 1832 1253 1880 ad
1291 1832 1536 1897 propriam
1567 1830 1769 1877 domum
1805 1845 1879 1876 re·

458 1925 602 1972 gress¹
621 1920 747 1957 sunt.

1048 2004 1206 2039 CAPUT
1232 2005 1299 2041 xl.

988 2094 1040 2128 De
1058 2094 1204 2128 muliere
1221 2091 1347 2127 clauda
1354 2120 1362 2128 .

524 2190 709 2254 COnjux
732 2189 912 2237 Animi’
934 2188 1139 2250 tribuni,
1168 2188 1365 2235 nomine
1390 2187 1655 2234 Mummola
1678 2188 1710 2248 ⁸,
1738 2196 1879 2234 nocte

516 2325 569 2371 (1)
588 2322 649 2362 Sic
675 2322 805 2374 plures
833 2335 882 2360 cx
912 2303 1186 2361 vetustioribus
1217 2321 1368 2359 codices
1399 2320 1545 2373 scripti.
1568 2319 1722 2371 Aliquot
1756 2320 1882 2367 (inter

460 2401 556 2439 quos
580 2389 711 2437 2204,
749 2390 868 2437 3801,
904 2390 1021 2435 5334,
1055 2389 1187 2434 Cott.),
1219 2388 1463 2425 Trasaliensi.
1500 2385 1599 2424 Editi
1638 2398 1726 2423 cum
1756 2386 1877 2432 Clar.,

466 2455 733 2500 Transiliensi;
754 2453 898 2492 Victor.
925 2456 1195 2491 Trasalerensi.
1225 2456 1303 2501 (R.)
1327 2475 1378 2482 —
1399 2453 1524 2491 (lh-F.
1551 2454 1771 2490 Trasilensi.

512 2521 566 2566 (2)
590 2519 650 2557 Sic
676 2532 765 2557 mss.
795 2532 927 2558 omnes
956 2528 1095 2571 praeter
1120 2519 1214 2557 Bell.
1246 2527 1282 2556 et
1310 2519 1430 2568 Ciar„
1457 2518 1524 2570 qui
1546 2517 1690 2556 habent
1716 2519 1877 2557 Αηίηιίἱ.

462 2584 559 2623 Editi
571 2593 696 2625 tamen
710 2588 869 2624 Auiani.
883 2587 1117 2634 (R.)—3801
1141 2585 1283 2624 Antimi
1298 2597 1307 2634 3
1320 2587 1440 2633 5326,
1454 2587 1573 2634 5334,
1592 2587 1695 2623 5335
1711 2588 1878 2628 Auiani,-

463 2654 564 2691 5329
586 2661 623 2690 et
641 2655 727 2704 Sag.
749 2659 912 2702 conjunx
934 2656 1092 2691 Auiani.

518 2720 570 2766 (3)
590 2718 650 2772 Sic
666 2718 839 2770 plerique
856 2732 943 2759 msS.
958 2734 968 2767 ;
984 2722 1072 2757 Bec.
1091 2726 1129 2757 et
1143 2718 1251 2758 Colb.
1273 2718 1313 2757 b.
1335 2720 1537 2757 Nummcla
1547 2716 1683 2764 ;Vinc.
1701 2715 1754 2768 (et
1774 2717 1879 2767 Sag.)

462 2786 684 2831 Nummola3
701 2793 739 2822 et
758 2784 858 2823 Clar.
883 2786 1102 2823 Nammula.
1120 2784 1217 2822 Editi
1240 2798 1331 2822 vero
1365 2787 1554 2823 Unimola.
1581 2785 1659 2831 (R.)
1682 2803 1734 2811 —
1751 2780 1875 2820 Cl.-F.

464 2852 685 2887 Monimola.
