2028 3458
447 278 521 316 402
807 273 871 309 DE
900 270 1085 308 GLORIA
1113 267 1481 307 CONFESSORUM.

450 366 626 424 vallari,
667 380 722 410 ac
751 361 953 426 palliolis
992 357 1251 405 nitentibus
1282 356 1510 415 obvelari,
1545 352 1858 419 praecepitque

444 441 754 491 reverentiam
780 438 884 485 loco
908 437 976 483 illi
1000 435 1232 500 impendi.
1254 437 1320 480 Ex
1345 433 1439 480 hoc
1461 432 1588 479 enim
1614 430 1767 477 oratio
1784 444 1859 474 su-

445 537 528 585 per
544 517 780 565 tumulum
803 514 1031 573 funditur,
1052 522 1096 560 et
1112 511 1283 559 auxilia
1298 511 1855 574 antistitisimpetrantur.

445 601 550 644 Haec
574 596 635 643 ab
661 595 805 659 ipsius
828 592 1037 657 episcopi
1061 606 1145 637 ore
1168 588 1345 635 audivi.

990 740 1145 775 CAPUT
1170 739 1308 775 XXXI.

776 839 828 872 De
844 848 886 871 eo
902 836 963 882 qui
981 835 1135 882 eulogias
1151 834 1285 881 accepit
1302 845 1322 867 a
1337 830 1528 866 sacerdote.

507 957 676 1017 Magna
704 952 834 998 enim
857 949 1005 1034 gratia
1028 958 1114 1008 est,
1139 947 1176 994 si
1193 944 1512 994 sacerdotium
1542 941 1687 1005 digne
1712 950 1866 988 custo-

444 1030 631 1079 diatur
620 1046 669 1076 ln
693 1037 821 1075 actu.
847 1027 896 1072 Si
919 1026 1049 1073 enim
1080 1023 1265 1071 homini
1295 1022 1459 1085 iniquo
1486 1036 1541 1067 ac
1574 1018 1867 1085 persecutori

438 1108 626 1173 justitiae
654 1115 839 1154 tantum
873 1101 1077 1150 contulit
1115 1099 1450 1158 sacerdotium,
1484 1107 1538 1144 ut
1565 1095 1867 1180 prophetiam

445 1194 723 1243 mereretur,
742 1182 792 1229 id
810 1191 883 1229 est
898 1179 1106 1245 Caiphae,
1133 1179 1217 1243 qui
1233 1175 1538 1243 prophetavit
1554 1191 1705 1221 unum
1721 1189 1869 1239 opor-

446 1273 544 1311 tere
578 1261 702 1309 mori
735 1260 794 1326 de
832 1258 1032 1323 populo,
1060 1274 1121 1304 ne
1159 1273 1272 1320 gens
1311 1263 1406 1302 tota
1437 1253 1660 1319 periret¹;
1688 1261 1869 1318 quanto

447 1341 595 1404 magis
614 1336 892 1386 timentibus
908 1339 1082 1394 Deum,
1101 1346 1147 1382 et
1171 1344 1332 1382 sancte
1347 1349 1401 1380 ac
1414 1349 1532 1398 pure
1550 1329 1868 1378 sacerdotium

448 1412 843 1473 custodientibus,
883 1410 1029 1458 tribui
1071 1419 1225 1476 potest
1249 1425 1277 1455 a
1316 1408 1557 1472 majestate
1595 1407 1773 1468 divina,
1820 1414 1870 1451 ut

449 1492 609 1551 etiam,
643 1489 778 1553 juxta
799 1488 1071 1547 Jacobum²‚
1110 1486 1260 1551 prosit
1298 1484 1499 1532 infirmis
1523 1500 1636 1531 cum
1660 1483 1877 1530 oratione

452 1567 655 1616 visitatio
686 1566 960 1625 sacerdotis,
986 1575 1033 1612 et
1055 1564 1337 1630 plerumque
1362 1562 1579 1609 conferat
1601 1559 1871 1627 praesidium

449 1646 551 1694 sola
571 1655 757 1692 tantum
789 1644 1084 1708 eulogiarum
1108 1643 1346 1709 porrectio
1376 1642 1477 1707 ejus
1513 1657 1570 1688 ex
1601 1656 1764 1699 manu,
1798 1655 1871 1686 se-

449 1721 664 1770 cundum
695 1720 812 1767 illud
838 1720 971 1785 quod
1005 1719 1134 1785 apud
1168 1723 1403 1766 Arvernos
1432 1727 1616 1782 gestum
1642 1718 1691 1764 in
1715 1715 1874 1764 adole-

449 1801 628 1848 scentia
662 1815 767 1846 mea
809 1799 858 1846 in
894 1799 1090 1845 veritate
1124 1797 1347 1861 cognovi.
1385 1795 1595 1853 Quidam
1625 1793 1872 1861 presbyter

450 1875 683 1925 solitarius
706 1876 794 1922 iter
817 1891 1034 1940 carpens,
1067 1873 1129 1921 ad
1152 1872 1460 1938 hospitiolum
1485 1865 1733 1936 cujusdam
1757 1886 1871 1936 pau-

452 1954 577 2018 peris
592 1952 843 1999 Limanici⁸
856 1951 1155 1998 mansionem
1168 1949 1377 2015 expetiit.
1395 1952 1502 2019 Qua
1517 1959 1727 2016 accepta,
1737 1952 1872 2013 juxta

455 2047 639 2078 morem
675 2028 995 2089 sacerdotum,
1031 2039 1168 2076 nocte
1197 2045 1224 2075 a
1257 2036 1403 2075 stratu
1438 2019 1526 2073 suo
1557 2041 1868 2089 consurgens,

454 2109 661 2156 orationi
684 2108 853 2165 astitit;
893 2107 976 2153 sed
1007 2115 1054 2153 et
1079 2105 1248 2166 homo,
1282 2120 1426 2169 quem
1458 2104 1711 2152 necessitas
1738 2119 1872 2150 com-

455 2185 659 2252 pellebat
686 2186 868 2258 lignum
892 2201 948 2232 ex
980 2179 1107 2232 silvis
1134 2182 1350 2255 evehere,
1389 2180 1527 2228 valde
1551 2168 1736 2228 matuie
1769 2197 1871 2227 sur-

453 2265 595 2325 rexit;
633 2274 680 2311 et
714 2265 832 2310 sicut
870 2279 975 2309 mos
1014 2262 1300 2309 rusticorum
1337 2258 1504 2318 habet,
1550 2260 1769 2318 nondum
1804 2260 1875 2304 in·

453 2341 657 2390 choante
685 2340 809 2400 luce,
858 2339 1070 2406 postulat
1106 2337 1268 2386 cibum
1303 2354 1330 2386 a
1370 2337 1589 2400 conjuge,
1631 2353 1735 2401 quae
1771 2336 1873 2382 sine

455 2435 591 2466 mora
606 2418 834 2485 porrexit.
862 2423 1124 2483 Acceptum
1146 2432 1259 2464 vero
1282 2416 1431 2462 homo
1455 2414 1533 2462 ille
1556 2431 1747 2480 panem,
1774 2430 1872 2460 non

454 2499 585 2563 prius
618 2496 827 2544 comedit
861 2512 1005 2560 quam
1040 2513 1067 2543 a
1094 2484 1346 2542 'sacerdote
1376 2493 1757 2553 benediceretur,
1792 2500 1874 2539 aut

508 2653 563 2706 (1)
590 2643 731 2693 Joanng
759 2653 837 2702 xi,
861 2654 928 2692 50.

504 2713 559 2769 (2)
588 2718 712 2766 E'pe'st.
734 2718 774 2756 S.
798 2718 903 2759 lac„
924 2716 971 2762 V,
995 2717 1058 2751 15.

507 2777 564 2829 (3)
594 2781 800 2828 lz'upanIce',
823 2778 942 2814 279¹.
