2028 3458
475 270 551 307 268
687 270 752 306 DE
781 267 1072 305 VIRTUTIBUS
1099 267 1273 305 SANCTI
1301 267 1524 306 MARTINI.
1546 287 1597 294 —
1618 268 1690 303 111.

477 355 705 420 profudit,
733 355 889 402 statim
913 354 1011 400 duo
1029 371 1214 402 vermes
1236 353 1297 401 ab
1322 370 1380 401 eo
1405 355 1453 401 in
1475 353 1673 401 modum
1692 369 1886 418 serpen·

477 442 578 479 tum
615 442 977 497 processerunt:
1020 433 1102 496 qui
1135 433 1198 479 ita
1237 432 1418 479 moveri
1451 432 1600 479 oculis
1634 432 1887 477 hominum

475 509 779 569 videbantur,
806 519 858 556 ut
875 509 1035 555 vivere
1059 518 1356 573 putarentur.
1388 510 1469 555 His
1494 525 1607 571 ergo
1638 508 1698 555 ab
1729 525 1786 555 eo
1815 507 1888 554 di-

476 588 630 650 gestis,
658 586 785 633 illico
802 585 863 633 ad
886 586 1083 651 plenum
1105 595 1296 632 sanatus
1315 596 1401 644 est,
1428 595 1475 632 et
1498 585 1678 643 cibum,
1707 595 1758 631 ut
1782 585 1890 631 soli-

474 672 547 708 tus
571 672 687 722 erat,
714 663 870 710 hausit
887 673 933 710 et
952 673 1139 727 potum,
1166 662 1409 727 ruborque
1434 664 1582 725 genis,
1608 662 1768 725 fugato
1792 661 1890 726 pal-

474 738 593 800 lore,
620 740 851 798 redditur,
880 740 1201 803 membrisque
1226 739 1451 787 omnibus
1473 740 1721 787 solidatur.

1050 894 1206 928 CAPUT
1231 894 1309 929 LX.

816 975 866 1010 De
885 974 941 1010 his
955 988 1032 1022 quae
1052 976 1089 1010 in
1106 988 1186 1011 meo
1203 975 1326 1010 itinere
1343 984 1437 1023 gesta
1451 983 1545 1010 sunt.

541 1079 923 1143 Opportunitatis
939 1095 1080 1125 causa
1104 1095 1260 1143 nuper
1283 1079 1522 1126 exstiterat
1544 1088 1596 1125 ut
1612 1077 1674 1125 ad
1696 1077 1893 1124 visitan-

477 1156 587 1202 dam
621 1157 893 1219 genitricem
931 1173 1087 1204 meam
1119 1158 1166 1203 in
1203 1158 1493 1204 territorium
1524 1155 1892 1203 Cavillonensis¹

477 1233 607 1279 urbis
639 1233 839 1281 adirem.
872 1233 966 1280 Sed
997 1244 1214 1280 metuens
1245 1242 1611 1298 superventuras
1643 1231 1891 1278 infirmita-

479 1319 563 1369 tes,
590 1310 650 1358 de
664 1311 758 1357 hoc
771 1311 984 1376 pulvere,
1012 1311 1061 1358 id
1075 1321 1143 1358 est
1168 1312 1372 1375 sepulcri
1394 1311 1521 1357 beati
1544 1310 1779 1366 antistitis,
1808 1324 1891 1354 au-

478 1386 615 1446 ferre,
649 1397 696 1434 et
731 1405 921 1435 mecum
944 1389 1126 1435 deferre
1164 1389 1460 1452 praesumpsi,
1497 1388 1671 1434 scilicet
1703 1396 1753 1432 ut
1781 1402 1892 1432 cum

477 1466 753 1530 quempiam
781 1476 1055 1513 nostrorum
1080 1466 1278 1513 morbus
1303 1467 1473 1530 aliquis
1503 1467 1774 1525 invasisset,
1798 1465 1892 1510 vir-

477 1551 552 1588 tus
576 1543 725 1589 sancti
750 1560 842 1607 ope
865 1543 1285 1590 consuetudinaria
1310 1543 1601 1590 subveniret.
1630 1541 1721 1588 Ubi
1754 1541 1894 1602 igitur

476 1618 538 1664 ad
576 1629 776 1666 matrem
812 1621 1016 1678 accessi,
1058 1622 1281 1684 protinus
1321 1638 1469 1667 unum
1513 1635 1715 1684 puerum
1752 1617 1893 1664 febris

476 1712 587 1741 cum
612 1696 879 1759 dysenteria
905 1698 1088 1762 arripit,
1117 1698 1273 1743 atterit
1297 1707 1343 1743 et
1367 1698 1628 1755 consumit,
1652 1697 1716 1742 ita
1738 1704 1790 1741 ut
1811 1711 1895 1741 ne-

410 1833 415 1839 ·
477 1783 585 1836 gato
607 1791 692 1820 usu
711 1774 950 1831 vescendi,
969 1775 1028 1821 de
1047 1775 1158 1822 solis
1173 1775 1385 1822 febribus
1403 1775 1624 1822 aleretur.
1648 1774 1736 1820 Die
1756 1774 1894 1820 tertia

476 1865 586 1895 cum
610 1850 710 1897 haec
740 1861 992 1914 agerentur
1021 1861 1066 1898 et
1092 1851 1153 1898 ad
1185 1868 1260 1897 me
1292 1851 1528 1916 perlatum
1555 1851 1738 1909 suisset,
1775 1848 1893 1895 deli-

476 1925 647 1973 butum
679 1928 924 1992 pulverem
953 1927 1015 1974 ad
1047 1927 1313 1974 bibendum
1340 1928 1534 1992 porrigo
1567 1925 1860 1973 moribundo
1878 1962 1890 1985 ,

477 2005 754 2068 statimque,
782 2005 939 2068 fugata
963 2005 1092 2051 febre
1123 1994 1381 2068 sedatoque
1413 2004 1606 2064 dolore,
1631 2003 1889 2051 convaluit.

477 2081 559 2126 His
585 2081 753 2128 diebus
786 2098 813 2129 a
849 2084 1039 2128 Verano
1072 2081 1276 2128 antistite
1302 2081 1487 2140 audivi,
1520 2081 1651 2145 quod
1681 2080 1892 2143 quodam

477 2167 693 2222 tempore
723 2158 840 2205 dum
878 2159 976 2223 typi
1008 2159 1229 2223 quartani
1265 2168 1378 2204 aestu
1415 2169 1654 2216 ureretur,
1691 2159 1893 2223 expetita

476 2232 602 2281 beati
629 2235 814 2282 Martini
836 2234 1047 2293 basilica,
1072 2251 1176 2299 quae
1208 2235 1256 2281 in
1279 2234 1388 2281 loco
1414 2235 1494 2281 illo
1516 2244 1633 2294 erat,
1661 2234 1895 2281 celebrata

477 2310 633 2373 vigilia
650 2322 841 2358 sanatus
862 2311 963 2358 fuit.
985 2314 1080 2359 Nos
1103 2328 1218 2358 vero
1242 2328 1297 2358 ex
1319 2311 1413 2358 hoc
1439 2313 1604 2359 itinere
1628 2315 1893 2359 Arvernum

476 2388 747 2447 venientes,
784 2389 1045 2452 reperimus
1079 2389 1267 2435 Avitum
1305 2389 1583 2453 episcopum
1622 2405 1649 2435 a
1690 2389 1892 2435 tertiano

476 2473 591 2529 typo
618 2465 679 2511 ita
705 2467 906 2528 graviter
931 2467 1147 2526 concuti,
1176 2476 1227 2512 ut
1250 2468 1391 2513 etiam
1418 2467 1456 2512 si
1487 2467 1665 2530 aliquid
1697 2467 1791 2513 cibi
1813 2483 1891 2513 su-

478 2552 653 2601 meret,
694 2544 852 2590 statim
891 2545 1140 2607 rejiceret:
1183 2544 1266 2590 sed
1304 2544 1364 2591 de
1403 2544 1497 2591 hoc
1532 2546 1731 2609 pignore
1773 2554 1890 2610 potu

530 2750 583 2795 (1)
608 2749 895 2795 Cavellonensis,
917 2750 1037 2788 2204.
1056 2748 1339 2796 Cabillonensc‘s,
1359 2750 1476 2796 3801,
1497 2751 1617 2795 5326,
1637 2751 1755 2794 5329,
1768 2750 1886 2787 5335.
