2028 3458
438 248 512 283 304
643 249 704 283 DE
736 247 1026 284 VIRTUTIBUS
1056 247 1225 284 SANCTI
1256 249 1479 285 MARTIM.
1504 268 1555 275 —
1581 248 1644 284 lv.

987 422 1143 458 CAPUT
1166 423 1302 458 XXIV.

730 518 783 551 De
801 517 962 564 plurimis
976 518 1075 552 caecis
1098 518 1409 565 energumenisque
1425 520 1564 555 sanatis.

507 606 555 649 ln
586 603 726 665 hujus
751 602 893 649 etiam
916 603 1230 651 solemnitatis
1260 603 1338 651 die
1362 605 1587 652 virtutem
1619 604 1858 663 nonnulli,

439 688 728 745 cooperante
750 679 922 727 Christi
944 681 1116 744 gratia,
1149 691 1503 746 persenserunt.
1531 685 1650 728 Nam
1679 682 1862 728 Leode-

442 758 651 805 mundus
672 759 683 781 ¹
709 773 859 804 caecus
883 767 992 822 post
1014 767 1198 823 septem
1220 773 1376 805 annos
1397 758 1459 805 ad
1482 757 1726 805 basi-licam
1751 774 1864 823 prae-

443 838 522 885 fati
545 837 763 884 antistitis
785 837 1008 896 veniens,
1048 838 1201 884 visum
1227 838 1422 902 recepit.
1462 841 1517 884 Et
1549 847 1642 885 tres
1669 839 1864 903 insuper

442 915 519 962 alii
543 915 681 962 caeci²
704 915 751 961 in
786 915 876 963 hac
898 915 1149 970 festivitate
1179 916 1332 962 visum
1352 932 1440 980 per
1461 932 1605 980 opem
1629 915 1756 963 beati
1780 932 1865 963 an-

445 992 595 1038 iistitis
631 1000 941 1057 receperunt,
975 1000 1022 1038 et
1055 991 1365 1055 energumeni
1400 992 1617 1057 plerique
1650 991 1864 1040 mundati

443 1079 569 1116 sunt.

1003 1224 1158 1259 CAPUT
1189 1224 1305 1259 XXV.

895 1330 946 1363 De
963 1329 1080 1376 puella
1098 1342 1118 1363 a
1139 1329 1235 1363 febre
1259 1337 1392 1365 sanata.

513 1421 683 1467 Leonis
716 1419 977 1485 presbyteri
1011 1420 1162 1466 nostri
1190 1419 1462 1479 vernacula,
1495 1435 1607 1466 cum
1637 1418 1697 1466 ad
1735 1419 1867 1465 villu·

448 1501 543 1548 lam
559 1500 666 1548 urbi
685 1501 954 1565 proximam
972 1500 1294 1565 parentalibus
1313 1499 1438 1546 ulnis
1456 1499 1706 1564 deportata
1722 1516 1871 1546 seces-

447 1582 598 1639 sisset,
622 1579 670 1625 vi
692 1578 837 1625 febris
857 1579 1162 1643 opprimitur,
1185 1588 1232 1625 et
1251 1577 1329 1624 die
1346 1594 1402 1625 ac
1421 1587 1562 1625 nocte
1581 1576 1721 1624 valde
1741 1593 1871 1624 com-

451 1666 579 1704 mota
618 1658 666 1703 in
704 1656 870 1703 mortis
914 1656 1190 1704 discrimine
1223 1656 1450 1703 cernitur.
1498 1658 1657 1713 Quam
1701 1653 1870 1701 videns

451 1733 695 1798 presbyter
727 1735 984 1782 exanimari
1018 1734 1242 1782 violentia
1273 1733 1455 1794 morbi,
1497 1743 1639 1781 nocte
1671 1748 1870 1779 ascenso

449 1812 632 1876 equite,
659 1811 720 1858 ad
741 1811 988 1859 basilicam
1023 1812 1173 1859 sancti
1204 1811 1488 1858 confessoris
1515 1811 1738 1867 accessit,
1766 1808 1870 1874 pul-

450 1906 654 1954 sansque
690 1891 867 1937 ostium
898 1889 1095 1949 cellulae,
1134 1890 1183 1935 in
1214 1905 1309 1952 qua
1342 1889 1543 1935 aedituus
1576 1886 1868 1952 quiescebat,

450 1968 607 2014 virum
632 1968 858 2015 suscitare
886 1967 1117 2031 nequivit.
1145 1969 1362 2030 Cumque
1387 1965 1630 2012 basilicam
1658 1973 1870 2011 sanctam

447 2043 634 2106 ingredi
659 2059 758 2091 non
783 2043 983 2102 valeret,
1009 2059 1173 2090 coram
1197 2042 1361 2090 absida
1389 2041 1596 2106 sepulcri
1620 2041 1739 2087 fudit
1763 2057 1871 2087 ora-

451 2122 659 2178 tionem,
695 2120 978 2185 collegitque
1017 2136 1278 2184 parumper
1318 2119 1380 2167 de
1418 2118 1614 2184 pulvere
1651 2127 1870 2176 terreno,

453 2196 588 2261 quod
612 2212 776 2243 secum
807 2195 902 2243 fide
935 2196 1108 2261 plenus
1136 2197 1322 2256 evexit,
1349 2211 1558 2259 eumque
1586 2194 1793 2241 dilutum
1823 2204 1874 2241 ut

456 2272 672 2339 puellulae
705 2273 767 2320 ad
794 2273 1058 2320 bibendum
1094 2272 1309 2337 protulit,
1343 2273 1563 2338 protinus
1593 2271 1735 2318 febris
1769 2271 1873 2319 abs-

456 2361 611 2398 cessit.

509 2541 564 2594 (1)
587 2544 866 2579 Leoclenmndus
888 2544 1009 2587 2904,
1030 2543 1149 2590 5329,
1169 2546 1277 2595 Sag„
1302 2551 1375 2581 etc.

509 2603 728 2652 (2)La11d.‚
759 2604 873 2651 Bell.,
903 2605 1002 2642 Clar.
1036 2613 1073 2641 ct
1099 2604 1208 2643 Colb.
1242 2604 1383 2643 habent
1409 2621 1416 2642 :
1455 2607 1735 2643 Leodennmdas
1762 2618 1877 2641 (κειμ-

454 2676 537 2716 post
562 2674 700 2716 septem
728 2680 858 2713 annos,
883 2669 1076 2703 Donmitta
1093 2677 1177 2716 post
1197 2677 1286 2714 tres,
1305 2677 1341 2704 et
1369 2677 1443 2704 tres
1465 2672 1617 2718 insuper
1634 2669 1706 2705 alti
1725 2669 1811 2703 arci
1838 2672 1875 2703 in

459 2729 528 2765 hac
553 2736 624 2766 etc.
653 2730 732 2779 (R.)
