2028 3458
414 301 490 337 216
626 299 692 334 DE
722 296 1013 334 VIRTUTIBUS
1045 296 1218 333 SANCTI
1245 294 1468 331 MARTIM.
1489 313 1542 321 —
1560 294 1630 329 111.

411 384 687 442 immobilis,
714 394 828 430 tunc
850 383 996 429 sensit
1013 383 1147 444 quasi
1172 382 1446 446 pupugisset
1468 380 1637 443 aliquis
1655 378 1820 425 oculos

413 463 512 525 ejus
547 479 572 508 a
604 460 815 525 spiculo,
865 469 911 506 et
945 460 1101 506 statim
1134 459 1323 522 sanguis
1358 457 1417 504 ab
1458 457 1531 503 his
1567 472 1821 520 erumpens

412 539 555 602 coepit
577 537 785 583 defluere
807 554 892 602 per
905 552 1046 600 genas
1069 536 1185 598 ejus,
1207 551 1463 598 aversaque
1480 550 1668 580 sursum
1684 532 1818 590 facie,

412 616 529 662 vidit
563 632 704 679 super
738 631 788 661 se
822 631 1013 661 cereum
1062 612 1266 672 elucere,
1314 622 1360 658 et
1392 611 1659 658 exclamans
1702 626 1822 657 voce

412 709 600 757 magna,
627 693 691 739 ait
715 712 725 739 :
765 712 787 737 «
817 692 1000 738 Gratias
1024 691 1110 737 tibi
1132 706 1241 754 ago,
1267 699 1427 736 sancte
1446 689 1691 736 confessor
1714 688 1819 745 Dei,

411 772 522 835 quia
545 771 715 817 virtute
734 780 815 817 tua
839 770 1001 816 lumen
1019 768 1230 832 recipere
1245 768 1413 813 merui.
1435 788 1456 809 »
1478 769 1520 813 Ο
1534 765 1823 813 admirabilis

413 846 585 912 gratia!
612 864 641 893 o
664 848 812 893 virtus
840 844 1095 893 immensa!
1123 844 1416 891 multimodis
1433 844 1561 890 enim
1577 842 1824 889 affectibus

414 926 543 973 dona
565 935 645 972 tua
662 925 839 990 spargis
855 929 903 971 in
929 923 1137 988 populis.
1164 926 1281 969 Nam
1305 922 1387 985 qui
1413 922 1582 985 stipem
1606 920 1821 983 petierat,

411 1003 574 1049 lumen
598 1003 794 1067 recepit,
817 1012 863 1048 et
880 1002 961 1049 diu
987 1010 1146 1048 extera
1170 1000 1295 1059 luce,
1323 999 1510 1045 virtutis
1532 1008 1623 1045 tuae
1644 996 1827 1042 lumine

412 1080 570 1126 vultus
590 1090 804 1127 ornatur.
833 1081 875 1126 O
903 1080 941 1125 si
970 1089 1015 1125 te
1046 1078 1309 1124 multorum
1338 1074 1827 1122 criminum‘tenebrae

414 1173 441 1203 a
460 1157 633 1203 nostris
661 1156 834 1203 visibus
867 1173 966 1202 non
989 1165 1220 1214 arcerent,
1247 1170 1421 1218 nempe
1444 1154 1629 1200 venires
1663 1151 1826 1198 visibi-

413 1234 537 1293 liter,
566 1244 613 1281 et
637 1234 836 1281 infirmis
860 1251 977 1281 voce
1004 1234 1127 1280 Petri
1150 1233 1400 1279 clamares:
1432 1250 1453 1275 «
1483 1236 1667 1280 Aurum
1690 1240 1734 1276 et
1758 1246 1828 1275 ar-

417 1322 611 1375 gentum
631 1329 729 1358 non
752 1311 927 1368 habeo,
952 1310 1034 1358 sed
1056 1310 1188 1373 quod
1210 1308 1367 1355 habeo
1391 1308 1455 1355 do
1474 1307 1611 1355 vobis
1632 1325 1641 1353 ε
1670 1308 1719 1353 in
1742 1323 1829 1353 no·

420 1389 549 1436 mine
573 1389 743 1436 Christi
766 1392 874 1435 Jesu
899 1388 1023 1434 abite
1046 1386 1309 1435 incolumes
1325 1388 1351 1431 ¹.
1379 1405 1401 1429 υ

976 1531 1131 1566 CAPUT
1157 1531 1273 1565 XVII.

834 1620 885 1653 De
901 1618 1062 1665 Siggonis
1079 1615 1306 1652 referendarii
1325 1627 1421 1651 aure.

487 1723 655 1768 Fuerat
675 1737 815 1769 causa
838 1723 1054 1786 quaedam
1077 1732 1128 1768 ut
1149 1721 1401 1768 Remense’
1426 1717 1625 1783 opidum
1643 1726 1831 1782 petere-

424 1813 548 1858 mus,
573 1813 778 1862 cumque
800 1798 861 1845 ab
881 1798 1068 1861 AEgidio
1085 1799 1331 1863 episcop0,
1352 1796 1433 1859 qui
1455 1805 1569 1841 tunc
1585 1793 1830 1841 ecclesiam

424 1873 634 1937 regebat,
645 1874 850 1940 benigne
863 1875 1113 1922 fuissemus
1124 1874 1325 1937 excepti,
1339 1872 1637 1918 illucescente
1647 1871 1694 1916 in
1710 1886 1833 1916 cras-

422 1951 576 1997 tinum
591 1951 832 1998 dominica
853 1952 947 2011 die,
969 1951 1028 1999 ad
1051 1951 1296 1998 ecclesiam
1311 1950 1609 2007 accessimus,
1628 1947 1832 1993 residen-

424 2038 587 2092 tesque
611 2030 659 2074 in
676 2030 881 2077 sacrario
905 2029 1162 2076 adventum
1182 2026 1570 2091 pm‘stolabamur
1593 2025 1826 2071 antistitis.

426 2107 495 2151 Eo
518 2115 732 2169 tempore
746 2106 893 2153 sancti
911 2105 1098 2152 Martini
1112 2104 1348 2167 reliquias,
1362 2103 1470 2148 licet
1484 2102 1734 2148 temerario
1753 2117 1830 2146 or-

427 2181 557 2241 dine,
575 2198 719 2246 super
738 2199 814 2230 me
826 2193 985 2229 tamen
1002 2180 1253 2228 habebam.
1272 2181 1416 2243 lgitur
1429 2180 1569 2241 Siggo
1581 2180 1611 2235 ³,
1628 2178 1832 2224 reseren-

426 2256 587 2304 darius
609 2258 857 2322 quondam
879 2258 1119 2321 Sigiberti,
1146 2257 1207 2304 ad
1231 2273 1483 2303 occursum
1508 2265 1723 2301 nostrum
1747 2271 1829 2300 ac-

426 2335 568 2390 cedit,
593 2337 953 2400 osculatumque
965 2337 1096 2399 juxta
1120 2351 1196 2381 me
1216 2334 1379 2381 sedere
1399 2333 1624 2398 deposco.
1649 2332 1740 2379 Sed
1755 2332 1832 2378 ille

477 2508 532 2554 (1)
552 2509 634 2544 Act.
653 2535 664 2553 ‚
685 2520 755 2551 111,
785 2508 823 2543 6.

478 2571 533 2617 (2)
556 2570 658 2606 2204
676 2599 686 2616 ‚
708 2570 929 2614 Re1111'nsin23
954 2570 1070 2615 3801,
1093 2570 1301 2604 Rememaem
1321 2575 1353 2603 cl
1376 2567 1473 2604 infra
1494 2568 1653 2615 Egrdcb.

480 2633 534 2679 (3)
556 2630 758 2681 Aliquibus
774 2630 912 2678 (veluti
936 2632 1058 2678 5326)
1074 2661 1083 2677 ,
1104 2635 1204 2679 .S'ig0.
1228 2633 1338 2667 Hunc
1358 2628 1529 2679 Gregorii
1553 2629 1678 2666 locum
1704 2628 1831 2665 laudat

426 2686 667 2734 frodoardus
696 2692 761 2731 lib.
788 2695 825 2730 11
845 2693 942 2730 nist.
975 2692 1184 2739 Rcmcnsis,
1204 2705 1287 2743 cap.
1312 2706 1364 2740 11,
1387 2700 1423 2729 ot
1443 2691 1508 2729 lib.
1531 2694 1596 2738 IV,
1617 2703 1701 2742 cap.
1736 2704 1826 2729 xxx.

425 2761 504 2806 (R.)
522 2780 575 2789 —
597 2760 694 2797 Cott.
713 2762 875 2809 Sygm...
892 2757 1104 2808 Sigesbe‘rli.
