2028 3458
461 259 537 295 416
604 242 605 245 ’
830 258 896 292 m:
924 256 1111 293 oroma
1136 256 1503 293 coNFssssoaUM.

461 360 649 406 cunque
683 343 799 402 vult,
840 344 1065 404 immittit,
1104 360 1300 408 precans
1323 361 1426 408 quae
1448 344 1699 391 necessitas
1731 345 1873 406 cogit,

465 421 743 485 obtinetque
764 438 874 467 mox
899 420 1135 480 effectum,
1162 422 1200 468 si
1220 421 1344 484 juste
1362 423 1586 487 petierit¹.
1616 420 1682 467 lbi
1707 430 1754 468 et
1775 438 1880 468 san-

466 507 572 543 ctus
596 497 885 562 Nepotianus
919 497 1170 563 episcopus
1200 497 1467 560 requiescit,
1495 497 1576 561 qui
1611 498 1696 543 fuit
1723 497 1770 542 in
1799 512 1879 543 sae·

468 574 576 621 culo
611 591 807 621 summae
839 575 911 621 vir
939 574 1212 633 sanctitatis,
1240 573 1460 621 obtinens
1485 591 1614 621 nunc
1642 591 1754 622 cum
1785 576 1880 620 Do-

464 654 581 701 mini
622 656 862 720 potentia,
897 672 1000 720 quae
1029 654 1090 702 ab
1130 671 1188 701 eo
1231 654 1405 720 fuerint
1438 654 1704 719 implorata.
1749 655 1880 718 Saepe

464 734 592 779 enim
623 750 764 798 super
803 733 903 780 baec
946 732 1160 799 sepulcra
1193 732 1558 796 frigoriticorum
1597 733 1748 779 oratio
1779 732 1879 778 fusa

466 808 781 858 desideratam
806 810 989 858 obtinet
1013 809 1317 857 medicinam.

978 990 1134 1024 CAPUT
1158 989 1371 1024 XXXVIII.

724 1093 777 1127 De
799 1091 991 1136 monacho,
1012 1105 1119 1138 quem
1136 1101 1296 1126 orantem
1313 1091 1421 1126 abbas
1439 1090 1627 1138 spectabat.

532 1205 701 1268 Magna
723 1204 970 1268 quondam
997 1205 1185 1252 fuerunt
1210 1204 1377 1251 mundi
1399 1203 1651 1250 luminaria
1678 1218 1804 1266 quae,
1829 1210 1880 1247 ut

468 1280 539 1328 sol
567 1281 735 1343 radiis,
762 1282 825 1328 ita
854 1281 1089 1328 mundum
1120 1282 1372 1328 virtutibus
1400 1279 1710 1327 illustrabant.
1746 1279 1883 1325 Aiunt

469 1374 581 1423 ergo
611 1359 659 1405 in
697 1359 907 1423 quodam
941 1360 1232 1407 monasterio
1271 1359 1410 1405 fuisse
1450 1357 1768 1415 monachum,
1801 1356 1884 1420 qui

470 1453 581 1483 cum
605 1437 733 1502 apud
757 1437 874 1484 alios
893 1437 1025 1501 juxta
1047 1438 1231 1500 regulas
1260 1435 1658 1483 monasteriorum
1681 1433 1886 1482 orationi

469 1523 516 1560 et
544 1515 736 1561 lectioni
769 1515 1021 1575 insisteret,
1051 1515 1272 1561 secretius
1313 1523 1480 1559 tamen·
1502 1521 1643 1575 atque
1673 1511 1884 1576 peculia-

468 1591 566 1638 rius
601 1592 918 1657 omnipotenti
931 1628 937 1631 „
951 1595 1054 1639 Deo
1086 1590 1312 1638 sacrificia
1335 1588 1566 1636 reddebat
1591 1589 1878 1636 orationum.

471 1675 589 1719 Nam
617 1683 726 1739 post
752 1673 1001 1738 impletum
1027 1673 1076 1721 in
1103 1673 1314 1720 oratorio
1350 1687 1564 1728 cursum,
1608 1669 1886 1717 elabebatur

469 1752 590 1799 clam
614 1768 642 1799 a
668 1753 918 1818 praesentia
942 1752 1139 1799 fratrum
1163 1770 1174 1798 ε
1202 1761 1248 1798 et
1274 1749 1439 1797 abiens
1469 1750 1592 1797 inter
1619 1748 1885 1796 condensas

468 1827 633 1890 rubos,
668 1828 917 1894 buxosque
946 1839 992 1876 et
1023 1829 1169 1890 iliceS,
1211 1827 1292 1875 ubi
1320 1833 1420 1893 jam
1442 1844 1549 1892 spes
1571 1837 1671 1874 erat
1696 1826 1829 1891 quod
1857 1841 1885 1873 a

469 1905 602 1954 nullo
633 1906 722 1953 nisi
750 1923 777 1953 a
800 1906 904 1954 solo
927 1907 1242 1973 inspiceretur
1257 1908 1378 1966 Deo,
1407 1903 1737 1970 prosternebat
1762 1921 1811 1951 se
1835 1904 1882 1949 in

471 1983 752 2031 orationem.
797 1987 973 2032 'Verum
1005 1994 1260 2049 postquam
1296 1982 1588 2030 decumbens
1621 1981 1882 2035 Dominum

469 2058 732 2108 diutissime
769 2061 1047 2127 deprecatus
1088 2062 1261 2117 fuisset,
1301 2061 1489 2108 elevans
1526 2077 1576 2107 se
1607 2058 1668 2107 ab
1704 2059 1879 2116 humo,

471 2139 638 2185 erectis
661 2139 722 2186 ad
743 2140 915 2187 coelum
939 2140 1107 2205 palmis
1124 2149 1266 2204 atque
1287 2137 1566 2198 luminibus,
1588 2137 1883 2201 psalmorum

468 2215 607 2262 tacite
651 2217 818 2263 seriem
859 2216 1086 2265 recitabat
1122 2236 1133 2264 z
1168 2227 1213 2264 et
1252 2217 1299 2262 in
1343 2224 1471 2262 tanta
1513 2214 1883 2279 compunctione

435 2309 442 2316 ·
468 2291 589 2339 coelo
618 2305 718 2341 erat
739 2295 964 2357 intentus,
991 2305 1044 2342 ut
1066 2295 1156 2342 rivi
1186 2294 1502 2358 lacrymarum
1527 2292 1588 2340 ab
1609 2293 1709 2356 ejus
1736 2290 1884 2339 oculis

471 2370 776 2419 vehementer
800 2373 1063 2420 effluerent.
1091 2372 1235 2430 Quod
1257 2389 1367 2420 cum
1392 2388 1515 2419 unus
1538 2372 1751 2427 fratrum,
1774 2387 1883 2418 cau-

472 2447 563 2496 tius
597 2465 909 2514 prosequens,
953 2449 1260 2515 praevidisset,
1296 2448 1460 2497 abbati
1497 2466 1597 2497 non
1629 2448 1771 2496 siluit.
1804 2447 1884 2494 llle

466 2542 585 2592 <vero
607 2536 815 2575 attentus
839 2528 1035 2592 quando
1053 2528 1114 2576 ad
1136 2527 1237 2575 liaec
1255 2527 1438 2591 agenda
1455 2537 1749 2594 properaret,
1774 2542 1883 2591 pro·

470 2614 658 2651 secutus
680 2615 749 2652 est
771 2622 798 2653 a
821 2605 979 2669 longe,
1011 2616 1058 2653 et
1079 2615 1344 2671 prostratus
1372 2605 1475 2653 solo
1498 2605 1741 2671 spectabat
1766 2603 1882 2668 quid

522 2771 575 2819 (1)
604 2774 662 2810 De
683 2780 813 2810 sancto
834 2772 1063 2811 Venerando
1082 2772 1160 2825 egit
1175 2772 1384 2824 Gregorius
1406 2771 1473 2810 lib.
1490 2774 1526 2810 11
1546 2774 1665 2818 Hist„
1685 2784 1769 2822 cap.
1792 2783 1879 2807 xm.
