2028 3458
486 310 537 346 62
708 310 775 346 DE
801 307 1096 346 VIRTUTIBUS
1124 306 1299 344 SANCTI
1329 306 1554 344 MARTINI.
1577 327 1632 335 -
1650 308 1683 345 Ι.

484 398 706 445 invocato
725 407 902 454 autem,
923 395 1084 442 omnia
1109 393 1433 442 solvebantur.
1460 398 1593 442 Tunc
1625 412 1708 442 rex
1728 394 1908 442 altioris

485 477 680 540 ingenii,
700 475 866 522 videns
882 474 1103 520 virtutem
1117 473 1269 521 sancti
1287 473 1475 521 Martini
1498 472 1679 520 ibidem
1697 474 1903 538 operari,

486 563 533 599 et
555 553 616 599 ab
642 568 788 599 onere
809 551 1114 598 vinculorum
1142 550 1348 598 absolvit
1372 567 1508 610 eum,
1534 560 1581 598 et
1606 551 1817 616 pristinae
1840 565 1911 596 re·

484 630 634 676 stituit
665 628 884 675 libertati.
922 630 1031 675 Haec
1058 628 1119 675 ab
1154 628 1304 693 ipsius
1325 628 1619 676 Wiliacharii
1643 626 1908 693 presbyteri

486 722 568 752 ore
590 722 753 753 coram
777 705 938 752 multis
964 706 1163 757 testibus
1188 706 1367 754 factum
1401 724 1503 754 esse
1541 707 1766 770 cognovi.
1805 706 1907 751 Uti·

485 800 595 830 nam
635 799 684 831 se
720 782 840 844 mihi
875 783 925 829 in
959 783 1042 830 tali
1082 785 1256 832 virtute
1291 784 1570 848 dignaretur
1606 785 1909 832 manifestare

483 859 650 908 beatus
673 860 937 921 confessor,
961 871 1012 908 ut
1040 862 1106 909 sic
1135 862 1405 910 absolveret
1434 878 1653 909 meorum
1685 861 1910 926 ligamina

484 940 834 1003 peccaminum,
860 940 981 987 sicut
998 957 1143 1007 super
1160 958 1272 989 eum
1295 941 1520 989 contrivit
1540 949 1671 988 vasta
1693 939 1909 1005 pondera

485 1027 776 1067 catenarum.

1030 1129 1188 1165 CAPUT
1220 1129 1360 1187 XJfIV.

937 1223 991 1256 De
1010 1222 1141 1270 Alpino
1162 1222 1292 1259 comite
1310 1222 1444 1258 debile.

550 1315 750 1381 Alpinus
775 1333 971 1382 quoque
995 1334 1158 1366 comes
1176 1319 1425 1366 Turonicae
1455 1318 1658 1366 civitatis
1690 1334 1801 1364 cum
1825 1332 1913 1382 per

486 1404 640 1451 totum
662 1411 844 1443 annum
868 1396 1073 1459 graviter
1102 1395 1165 1445 ab
1190 1397 1332 1444 unius
1365 1396 1501 1463 pedis
1531 1396 1700 1444 dolore
1734 1411 1912 1443 consu-

487 1482 711 1535 meretur,
734 1483 782 1521 et
804 1473 882 1520 die
901 1483 1148 1539 noctuque
1170 1475 1386 1539 requiem
1399 1491 1500 1522 non
1524 1474 1741 1534 haberet,
1769 1482 1912 1537 atque

487 1551 609 1598 inter
623 1551 749 1616 ipsas
772 1560 966 1598 torturae
984 1567 1079 1598 suae
1093 1568 1235 1599 voces
1253 1551 1381 1600 beati
1395 1553 1583 1600 Martini
1595 1553 1770 1616 jugiter
1785 1553 1914 1601 auxi-

485 1627 603 1674 lium
627 1628 923 1694 imploraret,
951 1629 1174 1695 apparuit
1196 1630 1239 1676 ei
1262 1630 1430 1678 beatus
1456 1631 1703 1678 confessor
1729 1631 1778 1677 in
1804 1631 1909 1677 visu

486 1715 647 1766 nocte,
687 1706 827 1754 hilari
872 1708 1006 1755 vultu
1053 1708 1269 1755 arridens
1284 1746 1296 1768 ,
1339 1719 1386 1757 et
1425 1720 1657 1757 consueta
1692 1709 1912 1756 deferens

486 1799 635 1844 arma3
647 1794 698 1831 ut
709 1784 907 1833 beatum
921 1786 1218 1851 signaculum
1229 1797 1402 1834 sanctae
1414 1787 1569 1835 crucis
1579 1803 1723 1853 super
1736 1786 1912 1853 pedem

486 1860 733 1909 infirmum
766 1863 1012 1929 imposuit,
1052 1880 1164 1912 mox
1199 1865 1335 1913 omni
1368 1864 1538 1913 dolore
1561 1865 1741 1931 fugato,
1767 1881 1912 1913 sanus

488 1941 691 1988 surrexit
706 1957 734 1988 a
754 1940 948 1990 lectulo.

1049 2058 1207 2094 CAPUT
1230 2057 1349 2095 XXV.

947 2154 999 2188 De
1014 2153 1245 2202 Charisigilo'
1268 2163 1466 2191 contracto.

557 2249 666 2295 Hoec
686 2258 895 2312 experta,
912 2248 1237 2315 Charigisilus¹
1257 2250 1606 2299 referendarius
1623 2251 1746 2314 regis
1770 2251 1912 2299 Chlo·

492 2323 634 2383 tarii³‚
651 2324 727 2370 cui
749 2341 918 2372 manus
942 2335 988 2373 et
1000 2327 1147 2392 pedes
1166 2327 1228 2375 ab
1252 2328 1457 2376 humore
1480 2329 1714 2375 contracti
1738 2330 1910 2389 erant‘,

546 2492 601 2546 (1)
622 2494 748 2534 Cl.—F.
773 2497 1367 2551 Clzarigisol0;5334,Caregilo;
1393 2513 1480 2552 sup.
1507 2502 1583 2539 243
1607 2501 1832 2551 CaregisiIO.

546 2557 603 2611 (2)
612 2561 701 2598 Bec.
710 2590 720 2608 ,
732 2561 983 2612 Clearigile'us;
995 2561 1102 2612 editi,
1113 2565 1383 2615 charigisitus.
1396 2567 1630 2614 (R.)—C0tt.
1644 2566 1911 2617 Charisigelus.

546 2622 604 2676 (3)
628 2626 862 2673 chlotharii,
884 2628 1004 2676 3801,
1026 2630 1145 2677 5326,
1169 2631 1290 2678 5329,
1315 2638 1390 2670 etc.

545 2688 602 2742 (li)
625 2692 717 2732 Mss.
736 2691 884 2743 aliquot
907 2692 1028 2741 (inter
1043 2707 1140 2745 quos
1166 2697 1272 2735 2204
1293 2706 1332 2735 et
1352 2697 1497 2750 Cl.-F.)
1516 2705 1799 2736 contraxerant.
1822 2698 1917 2745 Quae

493 2768 571 2794 vox
591 2755 639 2794 'in
671 2757 858 2809 sequioris
889 2759 961 2797 aevi
991 2760 1211 2800 auctoribus
1248 2763 1389 2814 passim
1421 2765 1591 2804 occurrit
1620 2778 1693 2817 pro
1734 2768 1915 2801 contracti

494 2830 615 2860 erant.
640 2824 730 2871 (R.)
