2028 3458
454 325 530 363 190
652 325 718 361 DE
748 324 1040 362 VIRTU'I'IBUS
1077 324 1249 362 SANCTI
1284 325 1507 362 MARTINI.
1531 345 1583 352 —
1603 326 1657 362 11.

451 413 694 461 basilicam
734 412 903 472 sancti,
940 412 1148 459 orationi
1183 422 1480 478 prosternor.
1515 416 1622 471 Qua
1665 412 1866 477 expleta,

451 491 632 538 doloris
652 491 814 537 locum
835 490 959 545 veIO,
974 490 1106 554 quod
1129 501 1239 538 ante
1262 491 1461 538 beatum
1474 490 1778 556 dependebat
1799 506 1871 536 se-

450 570 689 634 pulcrum,
716 567 863 631 attigi.
891 570 1002 624 Quo
1026 577 1171 629 tacto,
1198 569 1418 632 protinus
1453 578 1498 615 et
1531 569 1699 633 pulsus
1730 583 1872 614 vena-

449 662 575 705 rum,
604 654 650 691 et
673 644 989 708 lacrymarum
1013 645 1168 691 fluxus
1200 645 1342 691 stetit.
1383 648 1497 692 Post
1521 645 1732 692 triduum
1755 660 1870 691 vero

450 721 665 768 dextram
704 722 870 786 capitis
902 731 1086 786 partem
1122 721 1285 768 similis
1323 722 1475 785 attigit
1514 722 1672 770 dolor.
1714 721 1872 767 Pulsa-

448 800 567 846 bant
589 816 743 860 venae,
771 808 914 863 atque
940 799 1147 846 ubertim
1177 798 1398 862 lacrymae
1434 799 1727 846 defluebant.
1776 801 1872 844 lte-

449 894 557 923 rum
582 893 722 923 mane
753 893 1062 940 consurgens,
1098 877 1201 940 pari
1225 883 1276 922 ut
1301 876 1432 940 prius
1460 876 1610 923 modo
1647 885 1871 922 contacto

450 954 575 1014 velo,
615 954 769 1018 capite
805 970 948 1000 sanus
982 953 1205 1000 abscessi.
1248 953 1514 999 Transactis
1553 969 1667 999 vero
1703 952 1871 998 decem

450 1030 646 1090 diebus,
687 1031 843 1078 visum
867 1041 936 1078 est
969 1031 1088 1077 mihi
1121 1031 1339 1078 minuere
1378 1031 1693 1094 sanguinem-z
1736 1030 1871 1076 tertia

448 1119 608 1155 autem
643 1108 720 1156 die
742 1119 853 1174 post
885 1109 1127 1172 sanguinis
1156 1108 1546 1169 diminutionem,
1575 1108 1719 1155 subiit
1753 1107 1870 1153 mihi

449 1185 691 1248 cogitatio,
713 1195 775 1243 et,
802 1195 854 1232 ut
873 1185 1037 1244 credo,
1064 1202 1149 1250 per
1173 1185 1500 1232 insidiatorem
1522 1185 1715 1248 injecta,
1739 1182 1872 1247 quod

447 1261 550 1307 haec
570 1278 675 1325 quae
696 1263 987 1326 pertuleram
1010 1278 1039 1309 a
1060 1262 1290 1325 sanguine
1314 1262 1598 1323 evenissent,
1622 1272 1668 1308 et
1691 1262 1729 1307 si
1750 1276 1872 1307 vena

449 1340 668 1404 protinus
693 1340 852 1387 suisset
872 1341 1037 1398 incisa,
1063 1339 1313 1387 confestim
1331 1340 1419 1386 ista
1439 1349 1716 1386 cessassent.
1744 1341 1872 1384 Dum

447 1417 548 1464 haec
580 1419 758 1482 cogito,
794 1434 849 1464 ac
886 1417 1102 1475 revolvo,
1143 1416 1400 1464 amborum
1434 1427 1707 1481 temporum
1740 1431 1872 1461 venae

448 1495 728 1559 prosiluere,
767 1505 1025 1542 renovatur
1056 1494 1195 1541 dolor
1220 1495 1303 1559 qui
1334 1495 1466 1559 prius
1502 1494 1670 1551 suerat,
1697 1503 1744 1539 et
1773 1493 1870 1555 jam

447 1589 548 1619 non
573 1588 719 1619 unam
754 1583 938 1638 partem
971 1573 1155 1636 capitis,
1183 1572 1267 1619 sed
1306 1581 1459 1618 totum
1482 1572 1682 1636 arripuit
1705 1579 1868 1635 caput.

447 1652 728 1696 Commotus
753 1666 867 1713 ergo
891 1649 1159 1711 doloribus,
1187 1649 1246 1696 ad
1282 1649 1528 1696 basilicam
1558 1664 1787 1714 properO,
1815 1663 1870 1694 ac

446 1744 535 1792 pro
571 1727 861 1790 cogitatione
896 1744 1043 1792 prava
1070 1727 1335 1792 deprecans
1367 1727 1556 1774 veniam
1576 1763 1588 1787 ,
1626 1724 1866 1790 pallaque,

445 1821 550 1868 quae
570 1804 766 1852 beatum
785 1806 941 1870 operit
964 1806 1254 1870 sepulcrum,
1282 1814 1425 1869 caput
1450 1805 1580 1868 tetigi
1599 1823 1610 1865 3
1633 1821 1761 1865 mox,
1785 1803 1873 1850 do-

444 1882 547 1929 lore
568 1882 751 1942 sedato,
778 1900 921 1930 sanus
945 1883 1117 1930 recessi
1141 1883 1202 1930 de
1219 1882 1423 1930 tumulo.

510 1959 663 2006 Multa
681 1959 877 2023 quidem
900 1969 1011 2007 sunt
1044 1969 1091 2006 et
1116 1959 1208 2006 alia
1229 1976 1334 2023 quae
1361 1959 1435 2006 vir
1455 1958 1624 2005 beatus
1654 1957 1869 2021 quotidie

446 2049 690 2103 operatur,
716 2057 821 2103 quae
850 2040 1038 2104 insequi
1074 2040 1275 2102 longum
1311 2048 1396 2085 est.
1433 2042 1608 2084 Tamen
1638 2038 1676 2084 si
1709 2037 1870 2084 adhuc

446 2132 686 2163 meremur
708 2116 870 2162 videre
895 2115 1139 2176 miracula,
1162 2117 1317 2180 placet
1340 2131 1395 2162 ea
1417 2114 1551 2161 alteri
1572 2115 1799 2179 conjungi
1820 2114 1870 2159 li-

444 2192 590 2240 bello.
623 2195 760 2253 Nam,
784 2203 837 2240 ut
860 2193 1083 2252 diximus,
1109 2193 1161 2239 hi
1185 2193 1285 2239 duo
1312 2192 1458 2239 libelli
1478 2193 1526 2238 in
1551 2191 1645 2238 hoc
1666 2208 1868 2238 numero

445 2280 715 2318 teneantur.
735 2274 834 2336 Ego
854 2287 1048 2335 quoque
1072 2271 1236 2336 pietati
1261 2270 1515 2317 dominicae
1540 2270 1771 2317 maximas
1795 2287 1869 2316 re-

445 2347 545 2394 fero
570 2347 758 2411 gratias,
792 2347 926 2411 quod
950 2348 1065 2395 mihi
1099 2365 1184 2413 per
1214 2348 1492 2411 suffragium
1515 2347 1735 2394 antistitis
1766 2347 1868 2411 glo-

444 2425 560 2473 riosi
580 2442 861 2474 concessum
881 2436 969 2486 est,
995 2435 1048 2473 ut
1070 2426 1201 2491 quod
1228 2426 1277 2472 in
1298 2425 1434 2473 initio
1457 2426 1671 2487 tractavi,
1697 2435 1868 2491 potue-

445 2503 534 2549 rim
573 2520 722 2568 usque
744 2504 807 2551 ad
827 2504 972 2551 finem
994 2504 1255 2569 perducere
1270 2505 1279 2527 ¹
1297 2522 1310 2563 3
1356 2503 1638 2569 deprecans,
1661 2512 1714 2549 ut
1734 2501 1867 2567 quod

497 2750 552 2807 (l)
573 2752 688 2801 Edid,
706 2762 761 2791 est
790 2767 869 2804 quae
895 2759 933 2791 in
962 2756 1070 2792 initio
1085 2757 1259 2806 promisi,
1297 2769 1411 2806 usque
1433 2757 1488 2792 ad
1518 2757 1629 2805 finem
1661 2741 1873 2805 perducere

440 2831 562 2867 posse.
585 2817 665 2872 (R.)
684 2840 737 2848 --
753 2820 858 2858 2204
872 2848 882 2866 ,
900 2822 1019 2869 potui.
