2028 3458
459 300 536 338 248
662 300 727 336 DE
755 297 1046 337 VIRTUTIBUS
1074 298 1244 336 SANCTI
1270 299 1494 337 MARTINI.
1516 319 1568 326 —
1592 300 1663 336 111.

459 387 549 451 prii
572 386 752 442 laudes,
778 394 831 431 ut
851 384 1028 431 librum
1055 384 1154 446 ejus
1177 384 1369 432 flamma
1397 401 1495 431 non
1525 395 1695 444 ureret,
1721 401 1863 448 quem

456 464 648 511 aculeus
661 462 1056 525 concupiscentiae
1074 462 1122 507 in
1140 461 1235 508 hoc
1253 461 1425 509 saeculo
1444 478 1543 508 non
1564 462 1760 509 adussit.
1772 461 1865 508 Sed

455 556 516 586 ne
546 540 623 585 cui
656 537 931 585 incredibile
960 537 1192 598 videatur,
1219 537 1371 585 codex
1400 539 1501 603 ipse
1523 539 1653 603 apud
1678 555 1765 586 nos
1786 555 1864 585 us-

455 633 548 680 que
571 616 715 662 hodie
738 616 984 662 retinetur.

1005 740 1161 774 CAPUT
1185 739 1318 775 XLIII.

912 815 963 847 De
980 812 1119 847 duobus
1134 814 1253 860 pueris
1272 813 1410 848 sanatis.

520 900 738 962 Denique
753 915 863 944 cum
890 899 1096 962 quadam
1110 899 1213 945 vice
1233 899 1321 945 iter
1333 915 1595 962 ageremus,
1616 898 1714 945 duo
1732 900 1864 962 pueri

454 975 514 1023 de
537 975 817 1022 custodibus
839 993 1075 1039 equorum
1097 985 1323 1038 aegrotare
1345 985 1593 1040 coeperunt
1620 993 1629 1020 :
1667 985 1713 1022 et
1746 992 1869 1021 unus

454 1053 649 1116 quidem
669 1070 838 1107 eorum
863 1053 1150 1111 valetudine,
1178 1053 1295 1101 alter
1317 1054 1584 1118 dysenteria
1600 1051 1864 1100 laborabat.

455 1134 718 1195 Utrumque
736 1141 895 1178 tamen
918 1131 1061 1177 febris
1080 1131 1235 1178 valida
1257 1131 1507 1190 retinebat,
1527 1131 1778 1194 lassatique
1800 1140 1869 1177 ta-

452 1207 559 1254 liter
584 1218 734 1268 erant,
757 1218 809 1255 ut
828 1226 917 1255 nec
940 1225 1084 1273 super
1102 1208 1243 1255 dorsa
1265 1208 1560 1255 caballorum
1574 1218 1769 1273 possent
1783 1208 1870 1254 im-

454 1284 596 1348 positi
618 1286 853 1331 sustineri.
881 1288 1153 1331 Extractum
1175 1295 1334 1332 autem
1354 1286 1615 1350 pulverem,
1642 1301 1783 1349 quem
1809 1284 1870 1331 de

454 1361 672 1424 sepulcro
708 1363 858 1409 sancti
889 1362 1174 1409 abstuleram
1214 1379 1357 1426 super
1397 1362 1650 1426 capsellam
1671 1399 1682 1421 ,
1733 1360 1868 1408 delu-

455 1446 653 1502 tumque
677 1455 798 1503 aqua
824 1440 937 1503 ipsis
964 1439 1154 1486 haurire
1185 1440 1426 1506 praecipiO.
1459 1442 1568 1488 Mox
1598 1454 1870 1504 compressa

457 1513 603 1575 febre,
626 1516 947 1580 restinctoque
961 1516 1144 1575 dolore,
1161 1506 1359 1580 uterque
1380 1518 1637 1564 convaluit.

1007 1644 1162 1679 CAPUT
1187 1643 1318 1678 XLIV.

952 1718 1004 1751 De
1022 1718 1170 1752 Malulfo
1185 1725 1379 1753 contracto.

523 1798 685 1846 Inclita
703 1810 814 1846 sunt
836 1802 963 1848 enim
997 1802 1225 1850 miracula
1255 1819 1359 1866 quae
1389 1801 1603 1866 quotidie
1637 1801 1871 1847 Dominus

458 1875 519 1921 ad
540 1875 733 1923 laudem
751 1877 969 1926 antistitis
1008 1880 1080 1926 sui
1104 1880 1293 1945 operari
1322 1879 1561 1943 dignatur,
1587 1889 1649 1938 et,
1680 1888 1732 1925 ut
1751 1894 1872 1943 saepe

458 1960 649 1998 testatus
672 1970 797 2014 sum,
816 1954 916 2002 haec
935 1972 963 2002 a
987 1973 1064 2003 me
1082 1957 1303 2021 imperito
1320 1956 1499 2003 narrari
1516 1972 1614 2002 non
1639 1963 1840 2019 possunt
1859 1971 1869 1998 :

458 2036 635 2090 tamen,
664 2040 714 2076 ut
737 2031 838 2096 ipsa
860 2032 1095 2098 imperitia
1125 2043 1328 2098 praestat,
1363 2032 1788 2089 elucubrabuntur,
1811 2047 1872 2075 ne

459 2104 904 2156 occuli'videantur.
934 2109 1153 2157 Malulfus
1177 2112 1187 2133 ¹
1224 2110 1437 2174 quidam,
1463 2108 1687 2155 Turonici
1734 2107 1871 2153 terri-

458 2181 568 2226 torii
592 2182 724 2247 civis,
742 2185 1016 2248 aegritudine
1041 2203 1162 2234 saeva
1179 2203 1496 2251 compreSSUS,
1517 2185 1691 2232 lectulo
1710 2185 1757 2230 in
1783 2200 1872 2230 suo

456 2257 655 2306 anhelus
679 2261 902 2309 occubuit
923 2282 934 2323 3
960 2280 1015 2310 ex
1039 2280 1136 2327 quo
1161 2263 1405 2311 tabescens
1428 2262 1758 2321 incommodo,
1778 2277 1874 2308 ma-

458 2333 598 2382 nibus
622 2337 1241 2403 pedibusquecontrahitur.
1264 2341 1487 2404 Quinque
1501 2357 1615 2387 vero
1635 2355 1874 2387 annorum

458 2413 693 2460 curricula
727 2416 775 2460 in
808 2415 899 2463 hac
933 2416 1177 2464 debilitate
1212 2418 1447 2464 sustinuit.
1486 2420 1628 2464 Sexto
1668 2416 1875 2478 denique

458 2503 589 2534 anno
619 2490 680 2537 ad
704 2493 854 2539 sancti
878 2492 1120 2541 basilicam
1156 2511 1205 2541 se
1235 2494 1392 2541 efferri
1429 2494 1646 2560 deposcit
1669 2510 1678 2539 :
1706 2494 1754 2539 in
1780 2507 1876 2555 qua

455 2567 660 2614 orationi
707 2569 1031 2629 decumbens,
1069 2572 1252 2636 perdita
1294 2572 1561 2632 debilitate,
1599 2571 1873 2635 sospitatem

456 2644 865 2712 meruitadipisci.
1358 2645 1366 2651 ⁶

908 2749 1051 2753 ,ἡὴ-,-
1062 2750 1075 2753 ,,
1087 2751 1090 2752 ⁷
1146 2751 1232 2754 ‚„⁴.,*,
1249 2751 1273 2754 4⁷
1345 2752 1348 2753 γ
1383 2752 1401 2754 -
1426 2752 1439 2754 ,,
1462 2750 1590 2755 ,ώκηᾲ-
1600 2744 1866 2754 *em-.-⁴⁷⁷4

509 2785 564 2838 (l)
587 2789 671 2826 Gal.
694 2791 891 2839 Palulsus5
912 2791 991 2838 ed„
1015 2794 1263 2842 Mmlulplms.
1292 2796 1373 2839 (R.)
