2028 3458
442 276 517 313 :300
646 276 711 311 DE
740 272 1034 310 VIRTU'l'lBUS
1064 272 1234 310 SANCTI
1265 272 1553 308 MARTINL—
1576 272 1637 308 lv.

1011 471 1169 506 CAPUT
1194 470 1275 506 XX.

963 565 1051 599 Item
1074 563 1119 598 de
1143 564 1212 599 alio
1231 576 1337 598 coeco.

512 667 562 708 lu
591 662 680 708 hac
705 661 849 708 etiam
877 660 1128 707 festivitate
1151 669 1199 706 et
1224 658 1538 715 Leudardus¹,
1564 675 1726 706 servus
1754 661 1859 705 Em-

442 739 561 785 nerii
600 738 888 785 Namneticae
922 736 1053 784 urbis
1088 736 1297 794 diaconi,
1335 753 1445 782 cum
1481 751 1565 800 per
1599 751 1678 781 sex
1709 751 1862 782 annos

443 816 664 863 caecitatis
687 815 850 862 fuisset
872 823 1042 861 catena
1057 814 1358 871 constrictus,
1385 813 1446 860 ad
1468 812 1711 860 basilicam
1734 829 1863 859 acce-

445 893 590 951 dens,
622 893 797 939 virtute
829 892 957 939 beati
992 891 1277 938 confessoris
1313 891 1606 938 illuminatus
1644 900 1729 936 est.
1777 892 1864 936 Per

446 963 680 1019 visionem
726 970 855 1018 enim
899 970 1074 1017 somnii
1119 969 1394 1017 admonitus
1435 969 1585 1016 fuerat
1629 977 1680 1014 ut
1723 967 1864 1030 hujus

447 1049 594 1096 sancti
621 1048 793 1095 auxilia
818 1048 1048 1112 flagitaret
1072 1047 1307 1094 antistitis.

1010 1216 1166 1251 CAPUT
1192 1215 1293 1250 XXI.

655 1312 705 1346 De
721 1311 867 1359 eulogiis
877 1323 964 1358 quas
979 1311 1176 1346 Motharins
1192 1310 1277 1344 civis
1291 1308 1492 1343 Turonicus
1508 1308 1658 1342 sustulit.

513 1406 722 1464 Quidam
745 1406 807 1454 de
829 1406 1013 1454 civibus
1035 1405 1298 1467 Turonicis,
1324 1405 1442 1451 dum
1466 1403 1528 1451 ad
1551 1403 1672 1467 regis
1698 1417 1867 1466 prope-

449 1494 570 1530 raret
601 1501 873 1545 occursum,
898 1500 981 1531 vas
1009 1501 1120 1531 cum
1153 1484 1284 1543 vinO,
1313 1498 1562 1546 unumque
1598 1497 1771 1545 panem
1808 1478 1868 1525 ad

450 1561 724 1625 sepulcrum
756 1578 854 1609 una
883 1578 1164 1608 mansurum
1188 1569 1329 1607 nocte
1351 1559 1591 1624 deposuit,
1620 1567 1672 1604 ut
1694 1557 1871 1604 scilicet

450 1639 497 1684 in
526 1638 693 1686 itinere
716 1640 898 1704 positus
919 1639 1015 1686 hoc
1034 1639 1233 1686 haberet
1257 1637 1419 1685 salutis
1441 1636 1732 1702 praesidium.
1759 1635 1871 1692 Qui-

448 1714 539 1762 bus
558 1716 728 1764 exinde
753 1717 1024 1781 assumptis,
1051 1716 1139 1763 iter
1172 1732 1369 1780 carpere
1391 1715 1552 1780 coepit.
1579 1717 1774 1761 Factum
1803 1723 1871 1760 est

450 1802 611 1840 autem
637 1804 687 1841 ut
713 1803 944 1841 metatum
968 1794 1238 1857 requirenS,
1272 1792 1485 1840 hominis
1512 1790 1763 1855 cujusdam
1798 1791 1870 1837 in-

452 1870 726 1934 grederetur
758 1871 1046 1937 hospitium,
1086 1871 1410 1936 depositisque
1443 1869 1663 1924 sarcinis,
1704 1868 1873 1915 mulier

451 1965 557 2011 quae
577 1947 788 1996 habebat
813 1949 1032 2014 spiritum
1061 1947 1385 2008 immundum,
1416 1946 1544 1993 beati
1572 1946 1759 1992 Martini
1788 1945 1870 1992 ad-

452 2037 648 2073 ventum
660 2025 860 2074 vocibus
874 2026 1117 2073 immensis
1135 2025 1421 2073 annuntiare
1437 2024 1596 2088 coepit,
1617 2032 1664 2069 et
1679 2022 1836 2069 dicere
1860 2042 1868 2067 :

457 2122 480 2147 «
507 2102 635 2160 Quid
665 2120 754 2150 nos
793 2103 1110 2169 persequeris,
1145 2102 1341 2149 sancte?
1379 2101 1497 2165 quid
1535 2117 1623 2147 nos
1663 2100 1865 2158 crucias,

455 2196 590 2227 serve
623 2179 744 2226 Dei?
769 2199 793 2224 »
831 2183 964 2227 Tunc
991 2179 1168 2245 hospes
1194 2178 1272 2226 ille
1306 2178 1389 2242 qui
1421 2186 1639 2237 venerat,
1674 2186 1871 2240 accepto

455 2256 623 2316 calice,
655 2256 1000 2322 paululumque
1025 2256 1124 2303 vini
1148 2255 1209 2302 de
1244 2254 1324 2302 illo
1351 2271 1461 2301 vase
1484 2254 1728 2314 auferens,
1757 2253 1874 2299 frus-

455 2343 559 2381 tum
581 2334 821 2382 benedicti
847 2336 983 2399 panis
1004 2334 1249 2381 effractum
1275 2332 1435 2396 posuit
1457 2331 1504 2378 in
1527 2348 1602 2378 eo.
1628 2330 1771 2388 Quod
1792 2330 1873 2376 ubi

457 2410 627 2458 mulier
651 2410 730 2458 illa
749 2429 855 2475 quae
872 2410 1258 2459 debacchabatur
1275 2409 1474 2473 accepit,
1495 2426 1626 2465 mox,
1645 2425 1755 2455 eum
1772 2424 1875 2454 san-

458 2487 599 2551 guine
626 2488 776 2551 ejecto
802 2488 1062 2547 daemonio,
1079 2487 1255 2533 salvata
1275 2496 1360 2532 est.
1392 2485 1487 2532 Alia
1506 2486 1551 2531 in
1570 2484 1739 2532 eodem
1767 2483 1873 2530 loco

517 2705 570 2754 (1)
590 2703 700 2750 Editi,
724 2704 935 2740 Lendaidus
954 2716 1071 2737 ‚servus
1098 2704 1261 2737 lz'mm'ri.
1287 2700 1392 2738 (loll).
1415 2709 1447 2736 οἱ
1466 2699 1564 2739 Clar.
1588 2702 1768 2736 Eumeni.
1796 2701 1872 2738 (ἸῖΛΓ

461 2787 512 2794 --
539 2769 704 2802 Ιι”ι(1ηιί·ι”ι’
731 2767 849 2807 29011,
875 2766 990 2809 38⁰1,
1017 2767 1133 2807 53:325,
1158 2767 1275 2805 53:320,
1304 2766 1421 2802 &3:52512,
1445 2766 1550 2813 Sag„
1572 2766 1669 2799 Con.
