2028 3458
476 390 554 428 ¹50
691 388 758 424 DE
786 382 1081 421 VIRTUTIBUS
1108 381 1282 419 SANCTI
1309 382 1534 419 MARTIM.
1556 402 1607 410 —
1625 382 1678 419 11.

476 477 621 525 hodie
642 476 691 523 in
715 474 802 521 Dei
833 470 1029 518 nomine
1059 467 1350 518 beneficium
1386 468 1655 535 petentibus
1686 477 1890 534 praestat.

478 555 582 618 Ipse
602 564 793 615 quoque
811 555 975 611 postea
990 543 1159 592 abhoc
1174 553 1418 608 unguento
1430 544 1628 591 similem
1649 542 1894 591 infirmum

478 643 764 695 perungens,
786 624 894 671 oleo
918 632 1176 681 crescente,
1194 623 1393 683 sanavit,
1415 633 1461 670 et
1474 622 1650 670 multos
1668 621 1895 687 deinceps

480 721 564 771 per
586 702 703 751 illud
727 701 915 750 sanitati
937 699 1142 747 restituit
1158 700 1187 746 ¹.

1019 866 1177 903 CAPUT
1194 865 1373 903 XXXIII.

963 953 1016 987 De
1028 952 1204 987 Allomere
1224 960 1421 989 contracto.

547 1051 761 1099 Proferat
795 1059 842 1097 et
876 1049 1133 1112 Andegava
1160 1049 1291 1112 regio
1331 1048 1614 1097 miraculum
1644 1066 1802 1110 suum,
1840 1050 1900 1097 de

482 1145 576 1194 qua
617 1127 867 1175 Allomeris
894 1129 908 1151 ²
940 1126 1138 1191 quidam
1182 1126 1451 1192 procedens
1495 1143 1607 1173 cum
1647 1127 1904 1175 contractis

482 1204 687 1272 pedibus
718 1221 773 1251 ac
804 1203 1044 1265 manibus,
1077 1204 1239 1268 lingua
1262 1205 1405 1251 etiam
1429 1203 1617 1264 debilis,
1643 1203 1768 1252 beati
1788 1221 1905 1252 con-

483 1284 670 1331 fessoris
689 1282 919 1347 templum
941 1283 1149 1347 expetiit.
1182 1282 1270 1329 Ubi
1290 1299 1399 1329 cum
1420 1291 1519 1329 tota
1543 1282 1906 1346 quadragesima

484 1359 747 1420 resedisset,
775 1359 962 1407 assidue
986 1375 1129 1406 orans
1151 1375 1206 1407 ac
1231 1359 1513 1424 deprecans,
1541 1368 1592 1406 ut
1626 1376 1736 1406 eum
1760 1360 1906 1406 virtus

484 1437 633 1484 sancti
663 1437 883 1483 antistitis
914 1437 1149 1497 visitaret,
1184 1436 1377 1484 advenit
1411 1436 1511 1484 dies
1544 1436 1621 1484 illa
1663 1436 1906 1483 dominica

485 1522 593 1558 ante
619 1521 838 1558 sanctum
864 1511 1064 1576 pascha,
1095 1512 1144 1558 in
1181 1527 1277 1575 qua
1310 1512 1546 1558 Dominus
1575 1521 1737 1558 noster
1774 1514 1907 1558 Jesus

486 1599 654 1637 stratas
666 1589 727 1636 ab
744 1588 974 1637 arborum
995 1589 1159 1654 spoliis
1181 1590 1280 1636 vias
1303 1589 1546 1650 incedens,
1570 1588 1908 1653 Hierosoiymis

487 1667 644 1726 venit,
685 1666 827 1715 turba
866 1677 1185 1733 prosequente
1223 1683 1278 1714 ac
1307 1667 1543 1715 clamante
1568 1685 1579 1714 ε
1613 1687 1635 1710 «
1662 1671 1904 1727 Hosanna,

487 1744 768 1791 benedictus
799 1745 882 1808 qui
909 1746 1041 1792 venit
1067 1746 1114 1791 in
1146 1746 1359 1792 nomine.
1378 1746 1572 1792 Domini
1588 1747 1618 1792 ³.
1649 1766 1671 1789 »
1692 1745 1773 1792 llta
1798 1761 1910 1807 ergo

490 1821 567 1870 die
597 1839 708 1869 curn
741 1839 847 1870 sero
875 1824 973 1888 jam
1000 1823 1175 1870 sactum
1207 1833 1352 1883 esset,
1381 1833 1427 1870 et
1455 1824 1556 1888 ipse
1587 1823 1715 1870 solus
1749 1822 1911 1870 aforis

490 1910 600 1947 ante
624 1900 860 1947 tumulum
894 1900 1169 1958 decubaret,
1195 1900 1355 1947 subito
1384 1901 1532 1947 sactus
1556 1910 1625 1948 est
1648 1901 1695 1947 in
1725 1902 1909 1961 ecstasi,

492 1988 538 2025 et
561 1994 738 2043 pavore
762 1979 1037 2044 perterritus
1054 1978 1241 2042 jacebat
1258 1988 1307 2025 ut
1330 1988 1566 2026 mortuus.
1594 1979 1688 2036 Qui
1710 1996 1838 2037 cum,
1862 1990 1914 2026 ut

494 2056 593 2120 ipse
613 2057 768 2113 refert,
797 2074 883 2122 per
902 2057 1107 2104 duarum
1126 2056 1356 2104 horarum
1381 2049 1586 2122 spatium
1611 2067 1691 2103 aut
1711 2057 1914 2121 amplius

497 2132 653 2180 fuisset
667 2150 938 2199 oppressuS,
958 2143 1185 2199 tanquam
1209 2134 1269 2182 de
1293 2150 1465 2181 somno
1485 2133 1730 2198 evigilans,
1753 2134 1913 2181 subito

495 2210 558 2257 ad
600 2227 792 2259 sensum
829 2228 971 2259 suum
1010 2212 1261 2259 revertitur
1305 2230 1315 2258 :
1362 2211 1668 2276 elevatusque
1705 2228 1911 2272 sursum,

498 2302 667 2334 sanum
704 2305 754 2335 se
791 2305 892 2336 esse
926 2289 1154 2350 miratur3
1194 2289 1356 2354 ibique
1385 2298 1486 2336 tota
1520 2299 1661 2336 nocte
1696 2289 1912 2352 vigilans,

500 2380 639 2411 mane
660 2365 800 2412 nobis
823 2383 927 2430 quae
957 2376 1068 2414 sunt
1091 2383 1175 2414 ore
1194 2366 1392 2431 proprio
1416 2367 1640 2413 reseravit
1664 2385 1673 2412 :
1697 2366 1916 2413 clericus-

499 2457 593 2505 que
612 2442 776 2503 factus,
807 2444 1061 2491 incolumis
1085 2444 1146 2492 ad
1170 2443 1481 2509 hospitiolum
1506 2460 1647 2490 suum
1673 2443 1829 2490 rediit.

553 2628 610 2676 (1)
628 2627 686 2664 Ad
706 2627 808 2666 hunc
835 2643 957 2680 usque
981 2630 1108 2668 locum
1136 2643 1209 2669 nec
1236 2630 1321 2683 pius
1347 2630 1446 2668 ultra
1472 2628 1645 2682 procedit
1674 2638 1853 2667 tractatus
1872 2631 1918 2666 de

502 2691 666 2730 virtutib.
688 2696 729 2730 S.
752 2696 917 2731 Martini
938 2696 1041 2747 apud
1067 2697 1216 2744 Cl.-F.;
1238 2696 1339 2734 conf.
1371 2708 1486 2747 supra
1514 2709 1599 2747 cap.
1623 2709 1736 2740 xx1v‚
1763 2708 1802 2745 p.
1827 2697 1916 2732 132.

554 2754 757 2805 (2)-Atiqui
785 2756 896 2796 codd.
928 2771 1015 2796 cum
1047 2759 1180 2806 editis,
1213 2762 1397 2797 Al0111cr1's
1424 2758 1486 2797 vel
1510 2761 1695 2796 Elomeris
1723 2770 1792 2795 seu
1817 2760 1915 2795 Leo-

502 2822 632 2867 meris,
657 2829 693 2858 et
713 2820 765 2858 sic
786 2821 824 2859 in
847 2822 970 2862 indice
990 2824 1173 2876 capitum.
1200 2827 1281 2872 (R.)

557 2886 611 2932 (3)
628 2887 771 2923 Mutela.
798 2899 887 2932 xxx,
909 2890 947 2927 9.
