2028 3458
394 314 471 351 104
605 313 671 350 DE
698 311 991 350 VIRTUTIBUS
1020 311 1192 349 SANCTI
1219 311 1442 351 MARTINI.
1464 332 1519 340 —
1540 313 1592 350 11.

393 401 591 450 sanitate
623 400 781 448 retulit
812 400 861 446 in
897 416 1037 446 usum
1072 408 1358 447 consuetum
1384 398 1620 462 direct0s3
1659 410 1707 448 et
1747 401 1811 448 ita

392 480 542 527 sancti
581 479 751 526 virtute
791 477 1154 541 quodammodo
1188 476 1473 525 reformatus
1515 489 1607 539 est,
1644 488 1697 525 ut
1727 479 1811 543 qui

393 557 596 606 aliorum
620 555 840 602 manibus
869 554 1228 620 deportabatur,
1254 556 1456 621 propriis
1479 555 1691 604 firmatus
1708 572 1812 603 ves-

393 628 543 701 tigiis,
550 634 859 701 praesentibus
876 633 1035 695 nobiS,
1055 644 1363 698 consurgeret
1382 652 1567 701 sospes.

954 771 1112 807 CAPUT
1135 771 1202 809 VI.

816 868 872 923 De,
883 868 1076 917 paralytico
1094 867 1338 904 Aurelianensi
1346 895 1354 903 .

453 963 580 1012 Alius
606 973 767 1011 autern
794 962 1079 1029 paralytioens
1117 980 1173 1012 ex
1209 963 1538 1012 Aurelianensi
1575 964 1813 1011 territorio

387 1057 582 1089 carruca
612 1041 864 1099 devectus,
901 1040 1033 1088 venit
1060 1041 1121 1088 ad
1161 1051 1374 1089 sanctam
1402 1040 1648 1088 basilicam
1683 1060 1694 1087 :
1731 1041 1811 1105 qui

388 1118 557 1167 diebus
580 1119 739 1166 multis
754 1119 918 1183 jacens
941 1118 1002 1166 ad
1026 1120 1204 1166 ostium
1225 1119 1362 1181 illud,
1389 1118 1520 1183 quod
1544 1135 1678 1165 secus
1699 1117 1817 1183 bap-

390 1198 620 1244 tisterium
650 1197 711 1244 ad
746 1197 960 1244 medium
996 1197 1126 1244 diem
1171 1197 1339 1262 pandit
1382 1213 1642 1262 egressum,
1685 1196 1815 1244 beati

389 1276 607 1323 antistitis
631 1274 919 1340 implorabat
948 1274 1195 1323 auxilium.
1236 1278 1431 1323 Factum
1453 1285 1524 1322 est
1548 1284 1709 1322 autem
1727 1312 1739 1335 ‚
1763 1284 1817 1321 ut

387 1370 484 1401 una
506 1354 582 1401 die
601 1353 763 1417 jacens
787 1354 974 1417 gravius
998 1363 1131 1400 extra
1166 1352 1360 1400 solitum
1395 1362 1722 1417 torqueretur,
1750 1353 1816 1398 ita

390 1441 445 1479 ut
464 1431 605 1478 vieini
628 1431 687 1478 de
707 1431 929 1496 proximo
947 1431 1007 1478 ad
1027 1431 1128 1494 ejus
1150 1447 1293 1479 voces
1315 1440 1684 1478 concurrerunt.
1710 1430 1818 1477 Dis-

389 1508 697 1556 solvebantur
719 1519 877 1556 autem
900 1509 1110 1573 ligaturae
1142 1526 1401 1558 nervorum
1433 1509 1538 1573 ejus
1569 1519 1616 1556 et
1650 1508 1818 1573 dirige-

390 1585 586 1647 bantur,
613 1586 866 1651 prbpterea
888 1596 988 1633 erat
1011 1586 1154 1633 dolor
1176 1586 1514 1646 intolerabilis;
1542 1596 1588 1633 et
1611 1586 1677 1633 sic
1695 1622 1707 1645 ,
1731 1586 1816 1632 tri-

391 1662 569 1711 buente
607 1673 840 1729 patrono,
883 1674 1070 1713 erectus
1112 1681 1256 1730 super
1295 1665 1512 1730 plantas,
1556 1664 1677 1712 flens
1721 1680 1818 1729 prae

392 1739 585 1804 gaudio,
620 1741 801 1807 populo
826 1752 943 1790 teste
977 1743 1196 1790 surrexit.
1222 1742 1318 1801 Qui
1347 1743 1582 1790 continuo
1618 1741 1818 1789 clericus

392 1817 561 1877 factus,
597 1819 718 1865 etin
759 1820 985 1884 sospitate
1020 1819 1266 1880 firmatus,
1301 1819 1365 1867 ad
1393 1818 1597 1866 domum
1630 1834 1819 1882 regres-

394 1911 474 1942 sus
496 1904 583 1942 est.
1447 1930 1484 1967 ὃ

963 2049 1122 2085 CAPUT
1145 2050 1233 2086 vn.

825 2146 877 2181 De
892 2146 1088 2195 paralytico
1104 2149 1148 2182 ex
1166 2145 1340 2195 Biturigo.

437 2240 557 2289 Sed
577 2250 630 2289 et.
644 2241 762 2290 alius
786 2257 948 2307 gressu
974 2240 1159 2303 debilis,
1188 2231 1385 2290 nomine
1405 2239 1699 2303 Leuboveus,
1718 2241 1818 2306 J‘am

399 2319 598 2366 clericus
633 2318 920 2375 adveniens,
958 2336 1101 2385 super
1138 2329 1312 2367 terram
1353 2337 1403 2367 se
1447 2319 1662 2381 trahens,
1706 2318 1821 2384 quia

399 2406 677 2462 paupertate
704 2397 902 2448 faciente
934 2414 1033 2444 non
1062 2397 1274 2446 habebat
1295 2398 1381 2463 qui
1411 2415 1523 2445 eum
1560 2397 1705 2446 ferret
1717 2434 1742 2459 ,2
1756 2395 1823 2449 de

398 2472 478 2521 die
500 2473 549 2520 in
572 2474 698 2522 diem
720 2474 847 2522 beati
869 2475 1058 2522 Martini
1079 2474 1243 2522 limina
1266 2474 1556 2539 requirebat.
1583 2474 1679 2533 Qui
1698 2473 1820 2522 d'um

398 2550 606 2614 quadam
644 2551 723 2599 die
757 2569 783 2598 a
820 2552 932 2599 soris
969 2552 1030 2600 ad
1060 2553 1216 2600 ‘sancti
1246 2551 1393 2619 pedes
1430 2553 1589 2613 fleret,
1629 2551 1820 2600 directis

398 2629 599 2691 genibus
627 2638 769 2694 atque
802 2630 1033 2695 pedibu5‚
1068 2640 1313 2697 spectante
1342 2631 1527 2696 populo
1566 2631 1817 2679 sanitatem

400 2706 592 2770 recepit.
619 2709 730 2774 Tres
752 2708 947 2755 virtutes
979 2707 1092 2757 istas
1118 2708 1221 2773 ipsa
1244 2708 1322 2756 die
1347 2708 1492 2756 factas
1522 2708 1663 2755 fuisse
1698 2724 1819 2755 con-

397 2791 489 2830 stat
530 2800 628 2848 quo
671 2783 942 2847 sigebertus
980 2785 1344 2851 gloriosissimus
1383 2803 1496 2846 rex,
1543 2788 1818 2850 Sequanam
