2028 3458
451 220 527 257 368
813 218 881 254 DE
909 216 1094 254 GLORIA
1120 214 1492 254 CONFESSORUM.

450 306 655 368 reddidi,
683 315 730 354 et
757 305 913 353 surdis
943 304 1183 366 auditum,
1208 321 1339 352 nunc
1363 314 1525 352 autem
1549 303 1651 351 haec
1673 321 1869 370 possum

449 386 602 432 facere
629 400 734 448 quae
764 383 899 430 dicis.
927 403 950 427 ³>
977 386 1036 430 Et
1056 391 1227 430 vocato
1245 381 1307 429 ad
1328 398 1378 429 se
1400 399 1499 429 uno
1523 382 1584 429 de
1607 382 1865 441 haereticiS,

448 461 667 510 clanculo
695 461 759 508 ait
781 460 843 508 ad
864 477 976 507 eum
999 477 1009 506 :
1035 480 1057 504 «
1084 459 1254 525 Accipe
1273 459 1587 524 quadraginta
1608 476 1796 519 aureos,
1823 469 1870 507 et

447 539 618 586 clausis
640 538 791 586 oculis
814 538 969 586 reside
990 538 1039 584 in
1062 538 1172 585 loco
1204 536 1334 584 unde
1356 536 1498 584 nobis
1521 547 1591 584 est
1615 538 1865 597 transitus3

448 627 494 663 et
529 626 841 681 praetereunte
873 632 952 663 me
985 632 1096 662 cum
1123 631 1249 678 rege,
1285 613 1499 662 exclama
1531 615 1581 661 in
1617 614 1790 662 virtute
1816 623 1869 660 ut

447 694 685 758 perditum
705 694 868 741 lumen
891 710 998 741 mea
1010 693 1097 740 tibi
1113 691 1391 740 credulitate
1404 692 1666 739 restituam.
1689 713 1711 736 »
1726 695 1867 739 Cum-

447 789 541 836 que
564 772 643 818 hic
662 781 856 837 accepta
881 772 1084 839 pecunia
1107 771 1292 819 fecisset
1319 769 1449 835 quod
1475 769 1564 817 sibi
1597 768 1748 817 fuerat
1778 770 1866 816 im-

446 860 681 915 peratum,
718 850 935 915 procedit
967 867 1123 898 novus
1154 848 1314 897 Cirula
1346 848 1469 912 regis
1499 846 1561 895 ad
1597 847 1863 906 dexteram,

446 927 742 992 constipatus
779 927 1112 975 haereticorum
1150 932 1378 974 caterva:
1421 925 1655 973 exclamat
1694 933 1741 971 et
1782 925 1868 970 iste

446 1016 645 1053 caecatus
689 1006 922 1070 pecunia,
964 1015 1016 1051 ut
1057 1003 1151 1051 fide
1188 1004 1401 1069 episcopi
1439 1003 1670 1067 reciperet
1703 1001 1870 1048 oculos

446 1100 575 1130 suos.
616 1087 672 1130 At
699 1085 784 1131 iste
824 1101 936 1131 cum
968 1100 1067 1130 non
1098 1083 1297 1129 minima
1320 1082 1591 1145 arrogantia
1616 1081 1870 1144 imponens

446 1177 616 1207 manus
633 1178 775 1225 super
787 1160 955 1207 oculos
968 1161 1086 1224 ejus,
1104 1161 1167 1206 ait
1185 1177 1194 1205 :
1221 1159 1534 1206 «Secundum
1552 1158 1695 1205 fidem
1711 1173 1867 1203 meam

451 1238 532 1286 fiat
554 1239 658 1286 tihi.
683 1258 706 1284 »
734 1242 843 1286 Haec
868 1256 926 1286 eo
950 1239 1155 1300 dicente,
1183 1239 1245 1285 ita
1273 1238 1478 1285 obserati
1503 1237 1760 1284 suntoculi
1782 1236 1869 1282 ho-

446 1318 587 1364 minis
609 1334 719 1364 cum
744 1317 930 1376 dolore,
956 1327 1006 1364 ut
1030 1334 1129 1363 non
1153 1316 1309 1363 solum
1332 1316 1488 1362 visum
1520 1315 1759 1379 perderet,
1783 1331 1868 1361 ve-

446 1413 554 1443 rum
584 1397 726 1443 etiam
750 1395 917 1442 dolum
932 1433 944 1457 ‚
971 1411 1114 1458 quem
1138 1394 1331 1441 avaritia
1353 1392 1625 1457 impellente
1646 1391 1864 1451 finxerat,

446 1473 725 1538 publicaret.

1012 1543 1169 1578 CAPUT
1197 1543 1285 1577 XIV

764 1636 816 1669 De
837 1635 1061 1670 altercatione
1079 1635 1233 1670 haeretici
1254 1647 1335 1670 cum
1355 1634 1545 1669 catholico.

510 1723 684 1771 Retulit
715 1723 831 1782 alius
870 1723 1023 1771 fidelis
1055 1735 1292 1790 spectasse
1325 1741 1375 1772 se
1415 1723 1725 1771 christianum
1756 1737 1866 1767 cum

441 1801 664 1848 haeretico
691 1818 778 1865 pro
809 1800 903 1848 fide
928 1812 1089 1848 nostra
1119 1811 1396 1849 certantem.
1428 1798 1868 1862 Altercantibusque

443 1878 525 1926 diu
549 1878 608 1925 de
632 1879 807 1925 divinis
823 1880 1094 1944 Scripturis,
1122 1896 1234 1926 cum
1258 1880 1382 1927 flecti
1408 1895 1508 1925 non
1533 1887 1695 1944 posset
1717 1876 1863 1923 haere-

442 1956 580 2016 ticus,
602 1966 655 2003 ut
677 1967 956 2020 agnosceret
976 1958 1240 2019 veritatem,
1261 1958 1325 2005 ait
1346 1975 1356 2002 ε
1380 1977 1402 1999 «
1427 1958 1475 2003 Si
1495 1966 1666 2003 nostrae
1686 1955 1869 2017 religio-

443 2034 534 2094 niS‚
565 2035 604 2082 si
641 2036 992 2100 Scripturarum
1032 2052 1274 2083 sacrarum
1304 2035 1573 2083 testimonia
1610 2044 1656 2081 te
1681 2033 1742 2080 ad
1764 2049 1865 2078 cre-

443 2111 659 2159 dendum
698 2113 896 2160 minime
936 2124 1166 2174 movent,
1223 2114 1299 2161 vel
1339 2115 1563 2160 virtutem
1611 2111 1867 2158 individuae

441 2187 679 2236 Trinitatis
713 2189 951 2237 miraculis
980 2191 1209 2255 experire.
1243 2193 1322 2237 Est
1350 2190 1497 2253 digito
1524 2206 1632 2236 meo
1660 2188 1866 2235 annulus

442 2281 615 2313 aureus
640 2284 650 2312 ε
680 2283 768 2329 ego
792 2284 903 2314 eum
928 2268 975 2313 in
1012 2268 1171 2330 ignem
1195 2267 1339 2331 jacio,
1368 2277 1420 2314 tu
1443 2266 1727 2314 candentem
1759 2265 1865 2312 col-

442 2342 550 2408 lige.
582 2363 604 2389 υ
634 2346 1001 2409 Projectumque
1022 2347 1146 2393 inter
1167 2362 1345 2410 prunas
1365 2345 1616 2405 annulum,
1638 2346 1701 2391 ita
1727 2343 1865 2408 igniri

443 2422 672 2485 permisit,
698 2432 751 2469 ut
781 2423 847 2469 eis
879 2423 1045 2470 similis
1078 2434 1367 2471 cerneretur.
1406 2427 1768 2487 Conversusque
1804 2421 1864 2468 ad

441 2498 715 2547 haereticum
735 2501 799 2549 ait
823 2516 834 2547 z
858 2520 878 2543 «
900 2501 947 2546 Si
965 2516 1076 2547 vera
1100 2511 1170 2548 est
1191 2502 1462 2565 prosecutio
1481 2512 1578 2562 tua,
1596 2517 1730 2548 sume
1753 2517 1864 2547 eum

442 2576 503 2623 ab
538 2577 664 2639 igne.
690 2597 712 2620 »
745 2577 828 2624 lllo
855 2587 1013 2625 autem
1043 2578 1303 2637 resistente,
1337 2579 1400 2626 ait
1426 2581 1496 2626 vir
1524 2598 1533 2625 :
1576 2599 1598 2623 <t
1631 2582 1864 2625 immensa

440 2654 815 2715 Trinitas-Deus,
844 2655 882 2701 si
904 2655 1083 2719 aliquid
1109 2656 1358 2719 indignum
1383 2667 1428 2703 te
1453 2657 1616 2717 credo,
1644 2656 1858 2702 ostende.

443 2734 579 2778 Certe
616 2731 654 2778 si
689 2741 816 2779 recta
850 2742 919 2779 est
954 2732 1072 2779 fides
1110 2750 1232 2794 mea,
1271 2734 1390 2781 nihil
1429 2735 1545 2782 mihi
1578 2733 1863 2799 praevaleant
