2028 3458
472 255 549 291 398
834 254 901 289 DE
930 252 1121 290 GLORIA
1150 253 1522 307 CONFESSORUM.

471 341 656 389 stabant
683 359 692 387 :
721 340 805 387 sed
823 356 921 386 non
949 349 1131 404 poterat
1154 341 1288 389 alteri
1313 352 1508 407 propter
1534 343 1671 390 illum
1694 343 1777 407 qui
1797 343 1891 407 pri·

472 436 576 466 mus
597 428 696 464 erat
715 417 873 464 honor
889 417 1119 481 impendi,
1145 417 1238 465 hoc
1257 428 1326 465 est
1343 435 1443 466 non
1462 420 1528 467 ibi
1548 420 1668 486 palla
1685 420 1891 485 expandi

472 505 670 560 poterat,
699 510 796 541 non
831 495 993 541 lumen
1027 494 1243 542 accendi.
1281 496 1426 552 Quod
1455 513 1566 544 cum
1601 497 1768 544 incolae
1798 496 1890 543 loci

472 571 667 618 moleste
682 573 872 631 ferrent,
890 569 1104 634 quodam
1123 588 1263 619 mane
1276 570 1558 620 accedenl'es
1573 573 1635 621 ad
1652 583 1887 639 cryptam,

471 650 754 697 invenerunt
789 649 1003 714 sepulcra
1046 649 1242 697 diversis
1278 649 1541 715 parietibus
1575 668 1678 699 esse
1711 652 1886 711 locata3

471 736 518 773 et
532 727 598 774 sic
616 743 831 775 accessus
855 725 978 773 liber
1000 725 1060 774 ad
1081 736 1337 792 utrumque
1360 727 1632 793 sepulcrum
1655 730 1822 795 patuit,
1845 739 1892 776 et

472 804 672 867 qualiter
717 804 886 853 beatus
926 804 1119 852 antistes
1164 815 1216 852 ut
1253 805 1414 862 *cultor
1459 806 1547 853 Dei
1591 817 1894 854 veneraretur

472 882 655 935 enituit.

1002 958 1159 994 CAPUT
1182 959 1361 997 XXVIII.

812 1037 865 1071 De
881 1036 1059 1073 miraculis
1071 1035 1118 1071 ad
1133 1038 1334 1084 sepulcrum
1349 1038 1423 1085 ejus
1439 1037 1548 1074 factis.

541 1117 701 1180 Puella
728 1132 946 1197 quaedam
963 1133 1057 1194 cui,
1088 1134 1248 1180 nescio
1274 1150 1374 1198 quo
1415 1134 1642 1181 existente
1676 1144 1892 1198 peccam,

472 1225 644 1256 manus
680 1226 777 1257 una
810 1210 1005 1273 diriguit
1033 1227 1089 1257 ac
1113 1210 1245 1274 digiti
1276 1211 1446 1275 palmae
1476 1211 1616 1258 defixi
1648 1222 1800 1272 erant,
1834 1211 1895 1258 ad

472 1286 572 1350 ejus
595 1287 865 1351 sepulcrum
883 1287 1092 1346 advenit,
1115 1288 1297 1335 confisa
1317 1289 1377 1335 de
1395 1289 1571 1335 virtute
1588 1289 1892 1349 confessoris,

473 1365 606 1428 quod
623 1375 783 1430 posset
799 1366 901 1429 ejus
918 1366 1191 1412 intercessio
1212 1382 1410 1412 manum
1425 1365 1608 1413 aridam
1627 1365 1892 1424 absolvere,

472 1443 606 1505 quus
628 1443 900 1507 praedicatio
938 1444 1172 1508 populum
1207 1444 1342 1490 vanis
1373 1445 1767 1508 superstitionum
1798 1444 1896 1490 riti-

472 1516 560 1564 bus
584 1518 815 1565 irretitum
849 1518 1068 1566 absolvit.
1097 1518 1358 1566 Celebratis
1380 1536 1495 1583 ergo
1525 1520 1695 1583 vigiliis
1726 1521 1774 1566 in
1797 1521 1898 1584 ipsa

474 1604 612 1641 nocte
642 1595 900 1642 festivitatis
930 1595 1047 1642 dum
1081 1605 1258 1643 attente
1295 1596 1431 1659 juxta
1466 1598 1741 1661 sepulcrum
1773 1606 1894 1657 orat,

473 1692 668 1722 manum
687 1693 823 1723 suam
847 1676 1036 1724 directis
1053 1676 1210 1741 digitis
1232 1677 1415 1742 populo
1440 1686 1556 1724 teste
1582 1688 1796 1726 sanatam
1814 1677 1898 1723 mi-

474 1762 604 1799 ratur
625 1753 843 1800 attonita.

1023 1843 1179 1878 CAPUT
1204 1842 1344 1878 XXIX.

784 1921 833 1954 De
852 1932 895 1954 eo
910 1920 973 1967 qui
988 1921 1164 1967 loquelam
1182 1933 1204 1955 a
1222 1919 1406 1955 sacerdote
1425 1920 1559 1967 recepit
1571 1921 1597 1958 ¹.

491 2045 498 2051 -
541 2014 742 2073 Quidam
768 2015 1014 2080 eloquium
1033 2017 1236 2064 emeruit
1259 2016 1355 2063 hoc
1376 2015 1541 2063 modo.
1581 2016 1667 2062 Hic
1700 2016 1895 2075 etenim,

478 2104 528 2139 ut
567 2094 715 2140 cruda
754 2104 979 2159 operatur
1019 2097 1251 2143 rusticitas
1290 2095 1610 2160 populorum,
1646 2095 1897 2158 juramen-

479 2181 578 2218 tum
612 2171 819 2218 mendax
841 2173 890 2219 in
915 2173 1113 2221 ecclesia
1137 2172 1348 2239 protulit.
1381 2174 1489 2219 Mox
1515 2173 1695 2235 rigente
1718 2173 1896 2235 lingua,

478 2257 638 2295 mutus
660 2249 856 2297 effectus
879 2261 965 2311 est,
992 2252 1055 2299 ita
1078 2261 1251 2298 utnon
1279 2251 1412 2297 vocis
1439 2250 1679 2310 humanae,
1710 2251 1792 2298 sed
1823 2251 1897 2298 bi-

477 2324 631 2371 dentis
659 2327 891 2389 mugitum
915 2328 1138 2375 simulare
1158 2327 1416 2374 videretur.
1443 2327 1708 2376 Adveniens
1741 2338 1899 2374 autem

477 2402 539 2450 ad
565 2402 709 2467 hujus
730 2405 1013 2453 confessoris
1029 2405 1287 2466 tumulum,
1311 2407 1628 2469 prosternitur
1646 2406 1708 2454 ad
1731 2407 1902 2453 oratio-

480 2498 608 2541 nem,
627 2492 878 2547 sentitque,
901 2495 950 2531 ut
969 2493 1135 2550 postea
1153 2483 1407 2544 asserebat,
1431 2494 1657 2548 tanquam
1676 2485 1714 2532 si
1734 2484 1901 2549 aliquis

479 2570 642 2624 guttur
664 2561 764 2624 ejus
789 2570 1002 2626 tangeret
1030 2580 1041 2609 ε
1068 2561 1218 2625 quod,
1246 2571 1298 2607 ut
1322 2561 1486 2622 credo,
1521 2563 1667 2610 virtus
1689 2572 1789 2610 erat
1810 2562 1897 2608 do-

532 2716 588 2768 (1)
614 2692 657 2755 In
677 2717 784 2758 Colb.
805 2727 876 2759 tut.
891 2722 951 2757 De
970 2729 1097 2757 sancto
1116 2719 1307 2757 Marciale
1322 2721 1573 2758 Lemovicensi
1593 2725 1779 2770 episcopm
1802 2718 1897 2756 Bell.

480 2785 517 2815 et
535 2777 658 2817 Laud.
681 2778 830 2817 nullum
849 2778 991 2819 habent
1010 2779 1162 2817 titulum
1183 2781 1262 2826 (R.)
