2028 3458
430 302 454 337 6
654 298 719 334 DE
747 295 1036 334 VIRTUTIBUS
1063 293 1235 331 SANCTI
1266 290 1487 327 MARTINI.
1507 309 1561 318 —
1580 291 1613 328 1.

432 386 586 447 enim,
608 394 661 431 ut
681 382 843 443 credo,
866 398 951 447 per
972 396 1087 427 meae
1112 379 1284 441 linguae
1301 375 1616 423 sterilitatem¹
1635 375 1847 441 proferre

430 464 517 511 ista
539 461 622 526 qui
641 478 700 508 ex
721 458 853 507 arida
875 466 980 505 cote
993 459 1004 480 ¹
1024 456 1073 502 in
1094 470 1254 502 eremo
1277 451 1550 518 producens
1569 469 1739 517 aquas,
1762 471 1848 520 po-

431 538 531 604 puli
562 538 757 585 sitientis
790 534 1007 583 exstinxit
1047 531 1301 589 ardorem;
1335 539 1418 577 aut
1454 539 1579 577 certe
1612 531 1849 579 constabit

431 633 541 665 eum
562 632 748 663 rursum
774 630 825 660 os
844 611 985 658 asinae
1003 625 1228 669 reserare,
1259 608 1314 669 si,
1339 606 1467 655 labia
1488 625 1595 656 mea
1613 609 1847 674 aperiens,

431 712 517 761 per
539 711 614 742 me
646 692 894 739 indoctum
927 689 1015 735 ista
1040 687 1262 751 dignetur
1282 685 1567 750 expandere.
1605 686 1700 734 Sed
1734 687 1851 751 quid

433 773 576 819 timeo
600 769 902 817 rusticitatem
922 782 1078 813 meam
1097 802 1108 825 ‚
1134 781 1245 811 cum
1268 763 1492 810 dominus
1510 763 1784 830 redemptor
1805 775 1852 811 et

432 853 559 896 Deus
587 858 761 908 noster,
785 836 846 893 ad
868 842 1202 892 destruendam
1233 840 1490 889 mundanae
1511 842 1750 907 sapientiae
1770 859 1848 890 va-

433 928 656 983 nitatem,
687 942 786 971 non
818 913 1056 982 oratores,
1083 919 1165 967 sed
1196 920 1484 985 piscatores3
1518 935 1607 966 nec
1641 920 1853 984 philoso—

432 1006 582 1072 phos,
616 1004 699 1052 sed
728 1003 926 1050 rusticos
954 998 1195 1066 praelegit?
1223 997 1430 1045 Confido
1460 1014 1573 1061 ergo
1607 997 1853 1045 orantibus

433 1081 587 1144 vobis,
604 1082 734 1146 quia,
754 1081 838 1127 etsi
857 1096 953 1126 non
974 1087 1127 1144 potest
1143 1076 1367 1142 paginam
1386 1092 1543 1123 sermo
1560 1076 1766 1123 incultus
1779 1092 1855 1122 or-

434 1176 566 1219 nare,
588 1159 726 1206 faciet
740 1174 844 1205 eam
865 1167 1021 1204 tamen
1048 1155 1281 1219 gloriosus
1300 1154 1492 1201 antistes
1513 1154 1748 1219 praeclaris
1765 1154 1856 1200 vir-

435 1237 613 1286 tutibus
635 1236 838 1283 elucere.

950 1379 1108 1415 CAPUT
1128 1378 1337 1416 PRIMUM.

680 1480 787 1526 Quod
803 1481 952 1518 severus
968 1481 1078 1517 vitam
1094 1479 1205 1516 sancti
1219 1479 1366 1516 Martini
1386 1480 1606 1528 conscripsit.

502 1588 636 1635 Multi
667 1588 795 1636 enim
828 1597 967 1649 sunt,
1002 1587 1084 1651 qui
1115 1587 1312 1634 virtutes
1349 1586 1500 1634 sancti
1535 1587 1752 1647 Martini,
1785 1586 1859 1633 vel

439 1674 590 1713 stante
605 1682 760 1725 versu,
783 1665 858 1712 vel
880 1665 986 1712 stilo
1005 1664 1225 1730 prosaico
1245 1665 1645 1729 conscripserunt.
1672 1667 1743 1711 De
1761 1665 1862 1728 qui-

439 1744 530 1791 bus
562 1746 741 1809 primus
776 1744 854 1792 ille
884 1746 1083 1792 Severus
1119 1744 1371 1809 Sulpicius,
1400 1744 1478 1791 cui
1510 1753 1670 1791 tantus
1703 1744 1863 1791 fervor

440 1823 614 1869 amoris
636 1822 723 1869 fuit
740 1823 788 1877 in
809 1832 1025 1870 sanctum
1044 1823 1148 1883 Dei,
1169 1832 1223 1869 ut
1238 1838 1297 1869 eo
1313 1821 1471 1870 adhuc
1487 1821 1688 1886 degente
1703 1822 1754 1868 in
1776 1837 1863 1869 sae-

440 1899 549 1946 culo
563 1936 575 1960 ‚
596 1916 747 1947 unum
767 1900 945 1947 librum
962 1900 1023 1948 de
1045 1899 1342 1947 Mirabilibus
1363 1900 1471 1947 vitae
1489 1900 1591 1963 ejus
1611 1898 1858 1960 scriberet,

441 1977 611 2024 exinde
640 1988 747 2042 post
773 1979 1022 2025 transitum
1053 1978 1179 2026 beati
1210 1978 1299 2026 viri
1319 1977 1443 2025 duos
1463 1977 1612 2025 libros
1647 1977 1831 2041 scripsit
1847 2014 1859 2037 ,

443 2070 564 2117 quos
591 2054 814 2118 Dialogos
835 2055 986 2102 voluit
1008 2056 1222 2102 vocitari.
1250 2059 1304 2102 In
1334 2054 1509 2119 quibus
1545 2053 1779 2101 nonnulla
1803 2053 1864 2100 de

443 2128 694 2177 virtutibus
729 2131 1031 2178 eremitarum
1048 2168 1060 2192 ‚
1102 2131 1562 2179 anachoretarumve
1582 2165 1595 2187 ,
1633 2130 1865 2178 referente

447 2206 785 2255 posthumiano
801 2245 813 2269 ,
839 2209 1050 2255 inseruit.
1091 2210 1184 2257 Sed
1213 2210 1263 2256 in
1290 2210 1423 2258 nullo
1452 2208 1726 2257 inferiorem
1749 2224 1864 2255 nos-

446 2293 571 2331 trum
586 2286 740 2349 potuit
752 2286 956 2351 reperire
974 2288 1248 2349 Marfinum,
1268 2305 1414 2352 quem
1427 2286 1653 2352 apostolis
1669 2286 1865 2334 sanctis-

446 2376 539 2423 que
558 2361 795 2425 prioribus
820 2365 1107 2426 exaequavit,
1140 2365 1204 2413 ita
1227 2375 1277 2412 ut
1304 2366 1448 2413 etiam
1479 2364 1683 2423 diceret,
1715 2383 1738 2406 «
1767 2363 1865 2410 feli-

446 2453 549 2483 cem
577 2438 769 2501 quidem
796 2442 1046 2501 Graeciam,
1074 2459 1178 2506 quae
1203 2444 1376 2490 meruit
1406 2442 1571 2491 audire
1595 2441 1866 2507 apostolum

447 2513 806 2577 praedicantem3
825 2517 905 2565 sed
922 2535 1010 2565 nec
1029 2519 1206 2567 Gallias
1224 2536 1253 2567 a
1268 2520 1456 2567 Christo
1473 2518 1742 2580 derelictas,
1765 2518 1868 2583 qui-

449 2590 539 2638 bus
558 2591 754 2640 donavit
773 2595 1006 2643 Dominus
1027 2595 1205 2643 habere
1227 2599 1501 2645 Martinum.
1528 2618 1550 2642 r,

502 2804 554 2849 (ι)
572 2801 676 2842 Alias
697 2805 879 2856 officium.
896 2809 975 2855 (n.)
998 2829 1051 2838 -
1067 2808 1124 2857 (2)
1141 2806 1246 2846 Alias
1262 2819 1391 2858 petra.
1410 2813 1492 2859 (R.)
