<?xml version="1.0" encoding="UTF-8"?>
<!DOCTYPE html PUBLIC "-//W3C//DTD XHTML 1.0 Transitional//EN"
    "http://www.w3.org/TR/xhtml1/DTD/xhtml1-transitional.dtd">
<html xmlns="http://www.w3.org/1999/xhtml" xml:lang="en" lang="en">
 <head>
  <title>
</title>
<meta http-equiv="Content-Type" content="text/html;charset=utf-8" />
  <meta name='ocr-system' content='tesseract 3.04.00' />
  <meta name='ocr-capabilities' content='ocr_page ocr_carea ocr_par ocr_line ocrx_word'/>
</head>
<body>
  <div class='ocr_page' id='page_1' title='image "./leslivresdesmira02greguoft_0214.png"; bbox 0 0 2028 3458; ppageno 0'>
   <div class='ocr_carea' id='block_1_1' title="bbox 424 312 1622 377">
    <p class='ocr_par' dir='ltr' id='par_1_1' title="bbox 424 312 1622 377">
     <span class='ocr_line' id='line_1_1' title="bbox 424 312 1622 377; baseline -0.004 -24"><span class='ocrx_word' id='word_1_1' title='bbox 424 315 500 353; x_wconf 78' lang='lat'>¹98</span> <span class='ocrx_word' id='word_1_2' title='bbox 547 365 556 377; x_wconf 48' lang='grc'>,</span> <span class='ocrx_word' id='word_1_3' title='bbox 635 315 702 351; x_wconf 89' lang='lat' dir='ltr'>DE</span> <span class='ocrx_word' id='word_1_4' title='bbox 730 312 1023 351; x_wconf 85' lang='lat' dir='ltr'>VIRTUTIBUS</span> <span class='ocrx_word' id='word_1_5' title='bbox 1053 312 1226 351; x_wconf 81' lang='lat' dir='ltr'><strong>SANCTI</strong></span> <span class='ocrx_word' id='word_1_6' title='bbox 1254 314 1534 352; x_wconf 76' lang='lat' dir='ltr'><strong>MARTINI.—</strong></span> <span class='ocrx_word' id='word_1_7' title='bbox 1551 313 1622 349; x_wconf 90' lang='grc' dir='ltr'><strong>ΙΙΙ.</strong></span> 
     </span>
    </p>
   </div>
   <div class='ocr_carea' id='block_1_2' title="bbox 1015 448 1249 486">
    <p class='ocr_par' dir='ltr' id='par_1_2' title="bbox 1015 448 1249 486">
     <span class='ocr_line' id='line_1_2' title="bbox 1015 448 1249 486; baseline 0.013 -4"><span class='ocrx_word' id='word_1_8' title='bbox 1015 448 1172 483; x_wconf 86' lang='lat' dir='ltr'><strong>CAPUT</strong></span> <span class='ocrx_word' id='word_1_9' title='bbox 1196 450 1249 486; x_wconf 89' lang='lat'>11.</span> 
     </span>
    </p>
   </div>
   <div class='ocr_carea' id='block_1_3' title="bbox 890 542 1362 590">
    <p class='ocr_par' dir='ltr' id='par_1_3' title="bbox 890 542 1362 590">
     <span class='ocr_line' id='line_1_3' title="bbox 890 542 1362 590; baseline 0.006 -14"><span class='ocrx_word' id='word_1_10' title='bbox 890 544 943 577; x_wconf 90' lang='lat' dir='ltr'>De</span> <span class='ocrx_word' id='word_1_11' title='bbox 960 543 1077 590; x_wconf 88' lang='lat' dir='ltr'>puella</span> <span class='ocrx_word' id='word_1_12' title='bbox 1099 542 1209 578; x_wconf 85' lang='lat' dir='ltr'>debili</span> <span class='ocrx_word' id='word_1_13' title='bbox 1229 552 1362 580; x_wconf 79' lang='lat' dir='ltr'>sanata.</span> 
     </span>
    </p>
   </div>
   <div class='ocr_carea' id='block_1_4' title="bbox 416 636 1846 2174">
    <p class='ocr_par' dir='ltr' id='par_1_4' title="bbox 416 636 1846 2174">
     <span class='ocr_line' id='line_1_4' title="bbox 486 636 1842 697; baseline -0.001 -12"><span class='ocrx_word' id='word_1_14' title='bbox 486 638 642 686; x_wconf 88' lang='lat' dir='ltr'>Puella</span> <span class='ocrx_word' id='word_1_15' title='bbox 675 654 788 684; x_wconf 86' lang='lat' dir='ltr'>vero</span> <span class='ocrx_word' id='word_1_16' title='bbox 827 653 1069 684; x_wconf 88' lang='lat' dir='ltr'>annorum</span> <span class='ocrx_word' id='word_1_17' title='bbox 1104 636 1388 697; x_wconf 84' lang='lat' dir='ltr'><strong>duodecim,</strong></span> <span class='ocrx_word' id='word_1_18' title='bbox 1423 636 1649 684; x_wconf 89' lang='lat' dir='ltr'>omnibus</span> <span class='ocrx_word' id='word_1_19' title='bbox 1686 652 1842 683; x_wconf 89' lang='lat' dir='ltr'>mem-</span> 
     </span>
     <span class='ocr_line' id='line_1_5' title="bbox 418 714 1839 780; baseline -0.004 -16"><span class='ocrx_word' id='word_1_20' title='bbox 418 717 516 764; x_wconf 87' lang='lat' dir='ltr'>bris</span> <span class='ocrx_word' id='word_1_21' title='bbox 537 715 722 774; x_wconf 84' lang='lat' dir='ltr'>debilis,</span> <span class='ocrx_word' id='word_1_22' title='bbox 746 733 833 780; x_wconf 89' lang='lat' dir='ltr'>per</span> <span class='ocrx_word' id='word_1_23' title='bbox 861 732 938 762; x_wconf 84' lang='lat' dir='ltr'>sex</span> <span class='ocrx_word' id='word_1_24' title='bbox 962 732 1115 762; x_wconf 87' lang='lat' dir='ltr'>annos</span> <span class='ocrx_word' id='word_1_25' title='bbox 1137 725 1367 780; x_wconf 82' lang='lat' dir='ltr'><strong>tanquam</strong></span> <span class='ocrx_word' id='word_1_26' title='bbox 1392 725 1582 762; x_wconf 88' lang='lat' dir='ltr'>mortua</span> <span class='ocrx_word' id='word_1_27' title='bbox 1606 715 1656 761; x_wconf 90' lang='lat' dir='ltr'>in</span> <span class='ocrx_word' id='word_1_28' title='bbox 1689 714 1839 760; x_wconf 87' lang='lat' dir='ltr'>domo</span> 
     </span>
     <span class='ocr_line' id='line_1_6' title="bbox 420 792 1839 860; baseline -0.003 -19"><span class='ocrx_word' id='word_1_29' title='bbox 420 803 672 860; x_wconf 87' lang='lat' dir='ltr'>parentum</span> <span class='ocrx_word' id='word_1_30' title='bbox 685 792 862 839; x_wconf 86' lang='lat' dir='ltr'>lectulo</span> <span class='ocrx_word' id='word_1_31' title='bbox 886 792 1172 853; x_wconf 85' lang='lat' dir='ltr'>decubabat,</span> <span class='ocrx_word' id='word_1_32' title='bbox 1188 810 1286 839; x_wconf 89' lang='lat' dir='ltr'>non</span> <span class='ocrx_word' id='word_1_33' title='bbox 1311 792 1723 857; x_wconf 82' lang='lat' dir='ltr'>gressumsacienS,</span> <span class='ocrx_word' id='word_1_34' title='bbox 1740 807 1839 837; x_wconf 90' lang='lat' dir='ltr'>non</span> 
     </span>
     <span class='ocr_line' id='line_1_7' title="bbox 418 868 1841 935; baseline -0.004 -17"><span class='ocrx_word' id='word_1_35' title='bbox 418 887 540 935; x_wconf 86' lang='lat' dir='ltr'>opus</span> <span class='ocrx_word' id='word_1_36' title='bbox 561 886 792 917; x_wconf 89' lang='lat' dir='ltr'>manuum</span> <span class='ocrx_word' id='word_1_37' title='bbox 814 868 1037 934; x_wconf 84' lang='lat' dir='ltr'>implens,</span> <span class='ocrx_word' id='word_1_38' title='bbox 1063 886 1162 916; x_wconf 88' lang='lat' dir='ltr'>non</span> <span class='ocrx_word' id='word_1_39' title='bbox 1186 869 1342 916; x_wconf 88' lang='lat' dir='ltr'>lucem</span> <span class='ocrx_word' id='word_1_40' title='bbox 1366 885 1590 922; x_wconf 85' lang='lat' dir='ltr'>cernens,</span> <span class='ocrx_word' id='word_1_41' title='bbox 1615 884 1715 914; x_wconf 89' lang='lat' dir='ltr'>non</span> <span class='ocrx_word' id='word_1_42' title='bbox 1741 884 1841 913; x_wconf 90' lang='lat' dir='ltr'>ser-</span> 
     </span>
     <span class='ocr_line' id='line_1_8' title="bbox 419 944 1840 1011; baseline -0.004 -15"><span class='ocrx_word' id='word_1_43' title='bbox 419 965 615 996; x_wconf 87' lang='lat' dir='ltr'>monem</span> <span class='ocrx_word' id='word_1_44' title='bbox 655 948 902 1011; x_wconf 83' lang='lat' dir='ltr'>eloquens·,</span> <span class='ocrx_word' id='word_1_45' title='bbox 936 964 1035 994; x_wconf 88' lang='lat' dir='ltr'>non</span> <span class='ocrx_word' id='word_1_46' title='bbox 1072 947 1274 995; x_wconf 89' lang='lat' dir='ltr'>audiens</span> <span class='ocrx_word' id='word_1_47' title='bbox 1313 948 1575 994; x_wconf 87' lang='lat' dir='ltr'>elocutum.</span> <span class='ocrx_word' id='word_1_48' title='bbox 1611 944 1681 991; x_wconf 85' lang='lat' dir='ltr'>Ad</span> <span class='ocrx_word' id='word_1_49' title='bbox 1714 944 1840 991; x_wconf 88' lang='lat' dir='ltr'>beati</span> 
     </span>
     <span class='ocr_line' id='line_1_9' title="bbox 416 1022 1843 1091; baseline -0.005 -17"><span class='ocrx_word' id='word_1_50' title='bbox 416 1026 655 1074; x_wconf 89' lang='lat' dir='ltr'>tumulum</span> <span class='ocrx_word' id='word_1_51' title='bbox 691 1025 900 1072; x_wconf 86' lang='lat' dir='ltr'>fundunt</span> <span class='ocrx_word' id='word_1_52' title='bbox 926 1036 1147 1090; x_wconf 88' lang='lat' dir='ltr'>parentes</span> <span class='ocrx_word' id='word_1_53' title='bbox 1175 1043 1265 1091; x_wconf 90' lang='lat' dir='ltr'>pro</span> <span class='ocrx_word' id='word_1_54' title='bbox 1293 1024 1389 1072; x_wconf 83' lang='lat' dir='ltr'>filia</span> <span class='ocrx_word' id='word_1_55' title='bbox 1419 1040 1601 1090; x_wconf 78' lang='lat' dir='ltr'><strong>preces,</strong></span> <span class='ocrx_word' id='word_1_56' title='bbox 1631 1022 1843 1069; x_wconf 85' lang='lat' dir='ltr'>offerunt</span> 
     </span>
     <span class='ocr_line' id='line_1_10' title="bbox 419 1100 1839 1168; baseline -0.005 -16"><span class='ocrx_word' id='word_1_57' title='bbox 419 1121 638 1165; x_wconf 90' lang='lat' dir='ltr'>munera,</span> <span class='ocrx_word' id='word_1_58' title='bbox 672 1113 718 1150; x_wconf 89' lang='lat' dir='ltr'>et</span> <span class='ocrx_word' id='word_1_59' title='bbox 749 1103 910 1150; x_wconf 88' lang='lat' dir='ltr'>adhuc</span> <span class='ocrx_word' id='word_1_60' title='bbox 941 1112 1051 1150; x_wconf 88' lang='lat' dir='ltr'>vota</span> <span class='ocrx_word' id='word_1_61' title='bbox 1078 1102 1381 1168; x_wconf 82' lang='lat' dir='ltr'>promittunt.</span> <span class='ocrx_word' id='word_1_62' title='bbox 1410 1100 1647 1148; x_wconf 91' lang='lat' dir='ltr'>Convenit</span> <span class='ocrx_word' id='word_1_63' title='bbox 1677 1108 1839 1146; x_wconf 90' lang='lat' dir='ltr'>autem</span> 
     </span>
     <span class='ocr_line' id='line_1_11' title="bbox 417 1176 1844 1248; baseline -0.005 -19"><span class='ocrx_word' id='word_1_64' title='bbox 417 1180 626 1248; x_wconf 88' lang='lat' dir='ltr'>populus</span> <span class='ocrx_word' id='word_1_65' title='bbox 645 1180 707 1227; x_wconf 90' lang='lat' dir='ltr'>ad</span> <span class='ocrx_word' id='word_1_66' title='bbox 736 1179 997 1241; x_wconf 88' lang='lat' dir='ltr'>solemnia,</span> <span class='ocrx_word' id='word_1_67' title='bbox 1049 1179 1317 1227; x_wconf 86' lang='lat' dir='ltr'>celebratur</span> <span class='ocrx_word' id='word_1_68' title='bbox 1349 1195 1460 1225; x_wconf 92' lang='lat' dir='ltr'>cum</span> <span class='ocrx_word' id='word_1_69' title='bbox 1497 1176 1672 1241; x_wconf 88' lang='lat' dir='ltr'>gaudio</span> <span class='ocrx_word' id='word_1_70' title='bbox 1710 1191 1844 1223; x_wconf 87' lang='lat' dir='ltr'>sacra</span> 
     </span>
     <span class='ocr_line' id='line_1_12' title="bbox 417 1255 1843 1318; baseline -0.005 -12"><span class='ocrx_word' id='word_1_71' title='bbox 417 1259 661 1306; x_wconf 78' lang='lat' dir='ltr'><strong>festivitas.</strong></span> <span class='ocrx_word' id='word_1_72' title='bbox 692 1258 848 1304; x_wconf 88' lang='lat' dir='ltr'>Tertia</span> <span class='ocrx_word' id='word_1_73' title='bbox 867 1274 982 1304; x_wconf 86' lang='lat' dir='ltr'>vero</span> <span class='ocrx_word' id='word_1_74' title='bbox 1005 1256 1065 1304; x_wconf 91' lang='lat' dir='ltr'>de</span> <span class='ocrx_word' id='word_1_75' title='bbox 1101 1256 1348 1304; x_wconf 81' lang='lat' dir='ltr'>festivitate</span> <span class='ocrx_word' id='word_1_76' title='bbox 1370 1255 1465 1315; x_wconf 85' lang='lat' dir='ltr'>die,</span> <span class='ocrx_word' id='word_1_77' title='bbox 1494 1264 1635 1302; x_wconf 88' lang='lat' dir='ltr'>vocat</span> <span class='ocrx_word' id='word_1_78' title='bbox 1659 1264 1843 1318; x_wconf 89' lang='lat' dir='ltr'>patrem</span> 
     </span>
     <span class='ocr_line' id='line_1_13' title="bbox 421 1330 1844 1401; baseline -0.004 -19"><span class='ocrx_word' id='word_1_79' title='bbox 421 1335 598 1401; x_wconf 84' lang='lat' dir='ltr'>puella,</span> <span class='ocrx_word' id='word_1_80' title='bbox 620 1333 783 1381; x_wconf 88' lang='lat' dir='ltr'>dicens</span> <span class='ocrx_word' id='word_1_81' title='bbox 809 1352 819 1380; x_wconf 74' lang='grc' dir='ltr'>ε</span> <span class='ocrx_word' id='word_1_82' title='bbox 846 1353 870 1379; x_wconf 87' lang='lat'><strong><em>«</em></strong></span> <span class='ocrx_word' id='word_1_83' title='bbox 898 1334 1034 1380; x_wconf 80' lang='lat' dir='ltr'>sitio.</span> <span class='ocrx_word' id='word_1_84' title='bbox 1068 1352 1090 1377; x_wconf 72' lang='grc' dir='ltr'><strong>υ</strong></span> <span class='ocrx_word' id='word_1_85' title='bbox 1124 1333 1218 1392; x_wconf 90' lang='lat' dir='ltr'>Qui</span> <span class='ocrx_word' id='word_1_86' title='bbox 1241 1332 1454 1398; x_wconf 88' lang='lat' dir='ltr'>gaudens</span> <span class='ocrx_word' id='word_1_87' title='bbox 1476 1330 1610 1395; x_wconf 92' lang='lat' dir='ltr'>quod</span> <span class='ocrx_word' id='word_1_88' title='bbox 1634 1330 1738 1377; x_wconf 82' lang='lat' dir='ltr'>filiae</span> <span class='ocrx_word' id='word_1_89' title='bbox 1758 1347 1844 1377; x_wconf 85' lang='lat' dir='ltr'>vo-</span> 
     </span>
     <span class='ocr_line' id='line_1_14' title="bbox 426 1409 1844 1477; baseline -0.003 -18"><span class='ocrx_word' id='word_1_90' title='bbox 426 1429 548 1471; x_wconf 86' lang='lat' dir='ltr'>cem,</span> <span class='ocrx_word' id='word_1_91' title='bbox 569 1429 715 1477; x_wconf 90' lang='lat' dir='ltr'>quam</span> <span class='ocrx_word' id='word_1_92' title='bbox 742 1428 991 1476; x_wconf 90' lang='lat' dir='ltr'>nunquam</span> <span class='ocrx_word' id='word_1_93' title='bbox 1016 1412 1248 1472; x_wconf 83' lang='lat' dir='ltr'>audierat,</span> <span class='ocrx_word' id='word_1_94' title='bbox 1278 1411 1526 1458; x_wconf 79' lang='lat' dir='ltr'>meruisset</span> <span class='ocrx_word' id='word_1_95' title='bbox 1546 1409 1729 1470; x_wconf 88' lang='lat' dir='ltr'>audire,</span> <span class='ocrx_word' id='word_1_96' title='bbox 1763 1426 1844 1456; x_wconf 92' lang='lat' dir='ltr'>cu·</span> 
     </span>
     <span class='ocr_line' id='line_1_15' title="bbox 422 1486 1846 1553; baseline -0.002 -17"><span class='ocrx_word' id='word_1_97' title='bbox 422 1490 569 1537; x_wconf 88' lang='lat' dir='ltr'>currit</span> <span class='ocrx_word' id='word_1_98' title='bbox 591 1489 821 1547; x_wconf 88' lang='lat' dir='ltr'>velocius,</span> <span class='ocrx_word' id='word_1_99' title='bbox 849 1498 896 1535; x_wconf 89' lang='lat' dir='ltr'>et</span> <span class='ocrx_word' id='word_1_100' title='bbox 917 1497 1216 1552; x_wconf 90' lang='lat' dir='ltr'>assumptum</span> <span class='ocrx_word' id='word_1_101' title='bbox 1241 1488 1492 1553; x_wconf 88' lang='lat' dir='ltr'>paululum</span> <span class='ocrx_word' id='word_1_102' title='bbox 1515 1502 1650 1551; x_wconf 86' lang='lat' dir='ltr'>aquae</span> <span class='ocrx_word' id='word_1_103' title='bbox 1676 1486 1846 1551; x_wconf 89' lang='lat' dir='ltr'>puellae</span> 
     </span>
     <span class='ocr_line' id='line_1_16' title="bbox 423 1564 1845 1628; baseline -0.004 -13"><span class='ocrx_word' id='word_1_104' title='bbox 423 1567 592 1615; x_wconf 76' lang='lat' dir='ltr'>detulit</span> <span class='ocrx_word' id='word_1_105' title='bbox 614 1567 676 1614; x_wconf 87' lang='lat' dir='ltr'>ad</span> <span class='ocrx_word' id='word_1_106' title='bbox 696 1566 979 1613; x_wconf 88' lang='lat' dir='ltr'>bibendum.</span> <span class='ocrx_word' id='word_1_107' title='bbox 1005 1569 1112 1624; x_wconf 89' lang='lat' dir='ltr'>Qua</span> <span class='ocrx_word' id='word_1_108' title='bbox 1132 1566 1320 1625; x_wconf 86' lang='lat' dir='ltr'>hausta,</span> <span class='ocrx_word' id='word_1_109' title='bbox 1342 1565 1407 1612; x_wconf 85' lang='lat' dir='ltr'>ait</span> <span class='ocrx_word' id='word_1_110' title='bbox 1426 1582 1436 1610; x_wconf 92' lang='lat'>:</span> <span class='ocrx_word' id='word_1_111' title='bbox 1467 1585 1489 1607; x_wconf 75' lang='grc' dir='ltr'><strong>α</strong></span> <span class='ocrx_word' id='word_1_112' title='bbox 1519 1564 1713 1628; x_wconf 84' lang='lat' dir='ltr'>Porrige</span> <span class='ocrx_word' id='word_1_113' title='bbox 1727 1564 1845 1610; x_wconf 83' lang='lat' dir='ltr'>mihi</span> 
     </span>
     <span class='ocr_line' id='line_1_17' title="bbox 423 1641 1842 1709; baseline -0.003 -16"><span class='ocrx_word' id='word_1_114' title='bbox 423 1663 639 1693; x_wconf 89' lang='lat' dir='ltr'>manum.</span> <span class='ocrx_word' id='word_1_115' title='bbox 673 1665 695 1688; x_wconf 72' lang='lat'>&gt;2</span> <span class='ocrx_word' id='word_1_116' title='bbox 740 1643 1044 1709; x_wconf 83' lang='lat' dir='ltr'>Apprehensa</span> <span class='ocrx_word' id='word_1_117' title='bbox 1084 1660 1280 1708; x_wconf 77' lang='lat' dir='ltr'>quoque</span> <span class='ocrx_word' id='word_1_118' title='bbox 1312 1652 1448 1708; x_wconf 88' lang='lat' dir='ltr'>pater</span> <span class='ocrx_word' id='word_1_119' title='bbox 1481 1642 1582 1706; x_wconf 90' lang='lat' dir='ltr'>ejus</span> <span class='ocrx_word' id='word_1_120' title='bbox 1618 1641 1810 1689; x_wconf 83' lang='lat' dir='ltr'>dextera</span> <span class='ocrx_word' id='word_1_121' title='bbox 1830 1677 1842 1699; x_wconf 92' lang='lat'><strong><em>‚</em></strong></span> 
     </span>
     <span class='ocr_line' id='line_1_18' title="bbox 423 1720 1846 1786; baseline -0.001 -19"><span class='ocrx_word' id='word_1_122' title='bbox 423 1721 595 1769; x_wconf 87' lang='lat' dir='ltr'>levavit</span> <span class='ocrx_word' id='word_1_123' title='bbox 623 1739 748 1769; x_wconf 86' lang='lat' dir='ltr'>eam.</span> <span class='ocrx_word' id='word_1_124' title='bbox 776 1725 894 1779; x_wconf 87' lang='lat' dir='ltr'>Quae</span> <span class='ocrx_word' id='word_1_125' title='bbox 918 1732 1048 1768; x_wconf 84' lang='lat' dir='ltr'>stans</span> <span class='ocrx_word' id='word_1_126' title='bbox 1071 1738 1214 1786; x_wconf 90' lang='lat' dir='ltr'>super</span> <span class='ocrx_word' id='word_1_127' title='bbox 1247 1721 1394 1786; x_wconf 87' lang='lat' dir='ltr'>pedes</span> <span class='ocrx_word' id='word_1_128' title='bbox 1417 1737 1547 1781; x_wconf 87' lang='lat' dir='ltr'>suos,</span> <span class='ocrx_word' id='word_1_129' title='bbox 1574 1720 1764 1767; x_wconf 87' lang='lat' dir='ltr'>elevatis</span> <span class='ocrx_word' id='word_1_130' title='bbox 1785 1720 1846 1767; x_wconf 89' lang='lat' dir='ltr'>ad</span> 
     </span>
     <span class='ocr_line' id='line_1_19' title="bbox 422 1799 1843 1864; baseline -0.001 -17"><span class='ocrx_word' id='word_1_131' title='bbox 422 1800 598 1847; x_wconf 85' lang='lat' dir='ltr'>coelum</span> <span class='ocrx_word' id='word_1_132' title='bbox 623 1800 848 1848; x_wconf 89' lang='lat' dir='ltr'>manibus</span> <span class='ocrx_word' id='word_1_133' title='bbox 873 1801 1145 1864; x_wconf 88' lang='lat' dir='ltr'>oculisque:</span> <span class='ocrx_word' id='word_1_134' title='bbox 1178 1820 1202 1844; x_wconf 89' lang='lat'>«</span> <span class='ocrx_word' id='word_1_135' title='bbox 1218 1800 1423 1859; x_wconf 85' lang='lat' dir='ltr'>Gratias,</span> <span class='ocrx_word' id='word_1_136' title='bbox 1438 1800 1610 1864; x_wconf 89' lang='lat' dir='ltr'>inquit,</span> <span class='ocrx_word' id='word_1_137' title='bbox 1635 1799 1719 1845; x_wconf 88' lang='lat' dir='ltr'>tibi</span> <span class='ocrx_word' id='word_1_138' title='bbox 1735 1815 1843 1862; x_wconf 84' lang='lat' dir='ltr'>ago,</span> 
     </span>
     <span class='ocr_line' id='line_1_20' title="bbox 422 1877 1843 1944; baseline -0.003 -18"><span class='ocrx_word' id='word_1_139' title='bbox 422 1879 731 1944; x_wconf 89' lang='lat' dir='ltr'>omnipotens</span> <span class='ocrx_word' id='word_1_140' title='bbox 756 1881 901 1937; x_wconf 88' lang='lat' dir='ltr'>Deus,</span> <span class='ocrx_word' id='word_1_141' title='bbox 931 1878 1015 1940; x_wconf 88' lang='lat' dir='ltr'>qui</span> <span class='ocrx_word' id='word_1_142' title='bbox 1036 1878 1298 1943; x_wconf 84' lang='lat' dir='ltr'>respiciens</span> <span class='ocrx_word' id='word_1_143' title='bbox 1329 1877 1649 1924; x_wconf 86' lang='lat' dir='ltr'>humilitatem</span> <span class='ocrx_word' id='word_1_144' title='bbox 1670 1893 1843 1934; x_wconf 87' lang='lat' dir='ltr'>meam,</span> 
     </span>
     <span class='ocr_line' id='line_1_21' title="bbox 422 1953 1843 2021; baseline -0.004 -18"><span class='ocrx_word' id='word_1_145' title='bbox 422 1971 499 2002; x_wconf 89' lang='lat' dir='ltr'>me</span> <span class='ocrx_word' id='word_1_146' title='bbox 518 1973 605 2021; x_wconf 91' lang='lat' dir='ltr'>per</span> <span class='ocrx_word' id='word_1_147' title='bbox 627 1965 844 2003; x_wconf 87' lang='lat' dir='ltr'>sanctum</span> <span class='ocrx_word' id='word_1_148' title='bbox 860 1955 1120 2002; x_wconf 88' lang='lat' dir='ltr'>antistitem</span> <span class='ocrx_word' id='word_1_149' title='bbox 1140 1964 1275 2001; x_wconf 89' lang='lat' dir='ltr'>tuum</span> <span class='ocrx_word' id='word_1_150' title='bbox 1294 1954 1475 2000; x_wconf 88' lang='lat' dir='ltr'>salvare</span> <span class='ocrx_word' id='word_1_151' title='bbox 1495 1953 1716 2017; x_wconf 90' lang='lat' dir='ltr'>dignatus</span> <span class='ocrx_word' id='word_1_152' title='bbox 1734 1970 1799 1999; x_wconf 88' lang='lat' dir='ltr'>es.</span> <span class='ocrx_word' id='word_1_153' title='bbox 1822 1974 1843 1996; x_wconf 89' lang='lat'>»</span> 
     </span>
     <span class='ocr_line' id='line_1_22' title="bbox 422 2030 1845 2096; baseline -0.002 -18"><span class='ocrx_word' id='word_1_154' title='bbox 422 2035 480 2079; x_wconf 90' lang='lat' dir='ltr'>Et</span> <span class='ocrx_word' id='word_1_155' title='bbox 502 2033 568 2080; x_wconf 89' lang='lat' dir='ltr'>sic</span> <span class='ocrx_word' id='word_1_156' title='bbox 589 2033 921 2096; x_wconf 84' lang='lat' dir='ltr'>redintegratis</span> <span class='ocrx_word' id='word_1_157' title='bbox 936 2031 1181 2092; x_wconf 87' lang='lat' dir='ltr'>membris,</span> <span class='ocrx_word' id='word_1_158' title='bbox 1207 2032 1362 2078; x_wconf 88' lang='lat' dir='ltr'>visum</span> <span class='ocrx_word' id='word_1_159' title='bbox 1380 2030 1692 2093; x_wconf 80' lang='lat' dir='ltr'>auditumque</span> <span class='ocrx_word' id='word_1_160' title='bbox 1715 2047 1845 2076; x_wconf 77' lang='lat' dir='ltr'>rece-</span> 
     </span>
     <span class='ocr_line' id='line_1_23' title="bbox 421 2109 1282 2174; baseline -0.003 -17"><span class='ocrx_word' id='word_1_161' title='bbox 421 2110 507 2174; x_wconf 88' lang='lat' dir='ltr'>pit,</span> <span class='ocrx_word' id='word_1_162' title='bbox 530 2126 586 2157; x_wconf 90' lang='lat' dir='ltr'>ac</span> <span class='ocrx_word' id='word_1_163' title='bbox 610 2109 811 2157; x_wconf 90' lang='lat' dir='ltr'>domum</span> <span class='ocrx_word' id='word_1_164' title='bbox 836 2109 938 2156; x_wconf 84' lang='lat' dir='ltr'>laeta</span> <span class='ocrx_word' id='word_1_165' title='bbox 964 2125 1173 2172; x_wconf 85' lang='lat' dir='ltr'>regressa</span> <span class='ocrx_word' id='word_1_166' title='bbox 1197 2118 1282 2155; x_wconf 87' lang='lat' dir='ltr'>est.</span> 
     </span>
    </p>
   </div>
   <div class='ocr_carea' id='block_1_5' title="bbox 1005 2237 1258 2272">
    <p class='ocr_par' dir='ltr' id='par_1_5' title="bbox 1005 2237 1258 2272">
     <span class='ocr_line' id='line_1_24' title="bbox 1005 2237 1258 2272; baseline -0.012 0"><span class='ocrx_word' id='word_1_167' title='bbox 1005 2237 1161 2272; x_wconf 89' lang='lat' dir='ltr'><strong>CAPUT</strong></span> <span class='ocrx_word' id='word_1_168' title='bbox 1187 2237 1258 2270; x_wconf 81' lang='grc' dir='ltr'><strong>ΙΙΙ.</strong></span> 
     </span>
    </p>
   </div>
   <div class='ocr_carea' id='block_1_6' title="bbox 721 2318 1534 2368">
    <p class='ocr_par' dir='ltr' id='par_1_6' title="bbox 721 2318 1534 2368">
     <span class='ocr_line' id='line_1_25' title="bbox 721 2318 1534 2368; baseline -0.005 -12"><span class='ocrx_word' id='word_1_169' title='bbox 721 2323 774 2356; x_wconf 88' lang='lat' dir='ltr'>De</span> <span class='ocrx_word' id='word_1_170' title='bbox 793 2321 940 2356; x_wconf 84' lang='lat' dir='ltr'>homine</span> <span class='ocrx_word' id='word_1_171' title='bbox 959 2321 996 2355; x_wconf 81' lang='lat' dir='ltr'>in</span> <span class='ocrx_word' id='word_1_172' title='bbox 1013 2321 1114 2368; x_wconf 84' lang='lat' dir='ltr'>cujus</span> <span class='ocrx_word' id='word_1_173' title='bbox 1135 2332 1242 2354; x_wconf 88' lang='lat' dir='ltr'>manu</span> <span class='ocrx_word' id='word_1_174' title='bbox 1261 2320 1358 2354; x_wconf 82' lang='lat' dir='ltr'>fustis</span> <span class='ocrx_word' id='word_1_175' title='bbox 1378 2318 1534 2354; x_wconf 85' lang='lat' dir='ltr'>adhaesit.</span> 
     </span>
    </p>
   </div>
   <div class='ocr_carea' id='block_1_7' title="bbox 415 2402 1843 2859">
    <p class='ocr_par' dir='ltr' id='par_1_7' title="bbox 415 2402 1843 2859">
     <span class='ocr_line' id='line_1_26' title="bbox 488 2402 1843 2468; baseline -0.002 -17"><span class='ocrx_word' id='word_1_176' title='bbox 488 2408 605 2451; x_wconf 89' lang='lat' dir='ltr'>Ante</span> <span class='ocrx_word' id='word_1_177' title='bbox 622 2405 746 2452; x_wconf 90' lang='lat' dir='ltr'>duos</span> <span class='ocrx_word' id='word_1_178' title='bbox 767 2414 929 2453; x_wconf 88' lang='lat' dir='ltr'>autem</span> <span class='ocrx_word' id='word_1_179' title='bbox 961 2421 1116 2452; x_wconf 91' lang='lat' dir='ltr'>annos</span> <span class='ocrx_word' id='word_1_180' title='bbox 1144 2419 1288 2468; x_wconf 87' lang='lat' dir='ltr'>quam</span> <span class='ocrx_word' id='word_1_181' title='bbox 1315 2402 1415 2450; x_wconf 81' lang='lat' dir='ltr'>haec</span> <span class='ocrx_word' id='word_1_182' title='bbox 1439 2412 1710 2467; x_wconf 75' lang='lat' dir='ltr'>agerentur,</span> <span class='ocrx_word' id='word_1_183' title='bbox 1738 2402 1843 2466; x_wconf 88' lang='lat' dir='ltr'>qui-</span> 
     </span>
     <span class='ocr_line' id='line_1_27' title="bbox 419 2479 1843 2547; baseline -0.004 -15"><span class='ocrx_word' id='word_1_184' title='bbox 419 2484 529 2532; x_wconf 87' lang='lat' dir='ltr'>dam</span> <span class='ocrx_word' id='word_1_185' title='bbox 556 2501 656 2530; x_wconf 85' lang='lat' dir='ltr'>non</span> <span class='ocrx_word' id='word_1_186' title='bbox 683 2494 917 2543; x_wconf 84' lang='lat' dir='ltr'>metuens,</span> <span class='ocrx_word' id='word_1_187' title='bbox 934 2500 1089 2547; x_wconf 90' lang='lat' dir='ltr'>neque</span> <span class='ocrx_word' id='word_1_188' title='bbox 1101 2482 1349 2530; x_wconf 89' lang='lat' dir='ltr'>honorans</span> <span class='ocrx_word' id='word_1_189' title='bbox 1363 2481 1490 2528; x_wconf 85' lang='lat' dir='ltr'>diem</span> <span class='ocrx_word' id='word_1_190' title='bbox 1512 2489 1730 2527; x_wconf 85' lang='lat' dir='ltr'>sanctum</span> <span class='ocrx_word' id='word_1_191' title='bbox 1754 2479 1843 2527; x_wconf 92' lang='lat' dir='ltr'>do-</span> 
     </span>
     <span class='ocr_line' id='line_1_28' title="bbox 418 2558 1841 2625; baseline -0.004 -17"><span class='ocrx_word' id='word_1_192' title='bbox 418 2562 604 2609; x_wconf 86' lang='lat' dir='ltr'>minicae</span> <span class='ocrx_word' id='word_1_193' title='bbox 647 2562 1024 2620; x_wconf 85' lang='lat' dir='ltr'>resurrectionis,</span> <span class='ocrx_word' id='word_1_194' title='bbox 1069 2570 1265 2625; x_wconf 87' lang='lat' dir='ltr'>accepta</span> <span class='ocrx_word' id='word_1_195' title='bbox 1302 2575 1515 2617; x_wconf 88' lang='lat' dir='ltr'>annona,</span> <span class='ocrx_word' id='word_1_196' title='bbox 1561 2558 1619 2605; x_wconf 92' lang='lat' dir='ltr'>ad</span> <span class='ocrx_word' id='word_1_197' title='bbox 1662 2558 1841 2604; x_wconf 85' lang='lat' dir='ltr'>molam</span> 
     </span>
     <span class='ocr_line' id='line_1_29' title="bbox 417 2638 1841 2705; baseline -0.004 -19"><span class='ocrx_word' id='word_1_198' title='bbox 417 2639 567 2698; x_wconf 83' lang='lat' dir='ltr'>vadit,</span> <span class='ocrx_word' id='word_1_199' title='bbox 590 2639 911 2705; x_wconf 83' lang='lat' dir='ltr'>impositoque</span> <span class='ocrx_word' id='word_1_200' title='bbox 932 2639 1109 2698; x_wconf 85' lang='lat' dir='ltr'>tritico,</span> <span class='ocrx_word' id='word_1_201' title='bbox 1139 2638 1318 2684; x_wconf 86' lang='lat' dir='ltr'>molam</span> <span class='ocrx_word' id='word_1_202' title='bbox 1350 2653 1495 2684; x_wconf 85' lang='lat' dir='ltr'>manu</span> <span class='ocrx_word' id='word_1_203' title='bbox 1528 2646 1712 2683; x_wconf 87' lang='lat' dir='ltr'>vertere</span> <span class='ocrx_word' id='word_1_204' title='bbox 1744 2652 1841 2682; x_wconf 88' lang='lat' dir='ltr'>coe-</span> 
     </span>
     <span class='ocr_line' id='line_1_30' title="bbox 416 2714 1837 2782; baseline -0.003 -19"><span class='ocrx_word' id='word_1_205' title='bbox 416 2717 503 2782; x_wconf 86' lang='lat' dir='ltr'>pit.</span> <span class='ocrx_word' id='word_1_206' title='bbox 530 2717 728 2782; x_wconf 81' lang='lat' dir='ltr'>Expleto</span> <span class='ocrx_word' id='word_1_207' title='bbox 759 2727 920 2765; x_wconf 88' lang='lat' dir='ltr'>autem</span> <span class='ocrx_word' id='word_1_208' title='bbox 946 2733 1091 2781; x_wconf 87' lang='lat' dir='ltr'>opere</span> <span class='ocrx_word' id='word_1_209' title='bbox 1115 2733 1212 2763; x_wconf 88' lang='lat' dir='ltr'>non</span> <span class='ocrx_word' id='word_1_210' title='bbox 1239 2725 1428 2781; x_wconf 85' lang='lat' dir='ltr'>poterat</span> <span class='ocrx_word' id='word_1_211' title='bbox 1450 2714 1609 2761; x_wconf 85' lang='lat' dir='ltr'>volam</span> <span class='ocrx_word' id='word_1_212' title='bbox 1635 2714 1837 2779; x_wconf 87' lang='lat' dir='ltr'>aperire,</span> 
     </span>
     <span class='ocr_line' id='line_1_31' title="bbox 415 2791 1840 2859; baseline -0.004 -17"><span class='ocrx_word' id='word_1_213' title='bbox 415 2795 498 2842; x_wconf 88' lang='lat' dir='ltr'>sed</span> <span class='ocrx_word' id='word_1_214' title='bbox 520 2812 629 2843; x_wconf 88' lang='lat' dir='ltr'>cum</span> <span class='ocrx_word' id='word_1_215' title='bbox 656 2796 787 2858; x_wconf 82' lang='lat' dir='ltr'>gravi</span> <span class='ocrx_word' id='word_1_216' title='bbox 813 2795 983 2842; x_wconf 66' lang='lat' dir='ltr'>dolote</span> <span class='ocrx_word' id='word_1_217' title='bbox 1011 2795 1184 2843; x_wconf 85' lang='lat' dir='ltr'>fustem</span> <span class='ocrx_word' id='word_1_218' title='bbox 1200 2811 1344 2858; x_wconf 88' lang='lat' dir='ltr'>quem</span> <span class='ocrx_word' id='word_1_219' title='bbox 1369 2791 1750 2859; x_wconf 76' lang='lat' dir='ltr'>apprehenderat</span> <span class='ocrx_word' id='word_1_220' title='bbox 1776 2802 1840 2838; x_wconf 82' lang='lat' dir='ltr'>te-</span> 
     </span>
    </p>
   </div>
  </div>
 </body>
</html>
