2028 3458
424 350 503 388 188
639 350 706 388 DE
732 346 1026 386 VIRTUTIBUS
1054 345 1229 384 SANCTI
1256 345 1479 383 MARTINI,
1500 364 1553 372 —
1574 345 1626 383 11.

965 479 1125 517 CAPUT
1147 478 1288 516 XXVI.

965 566 1019 600 De
1040 563 1143 600 Piolo
1160 563 1175 589 ¹
1190 574 1303 601 muto.

488 655 584 700 Nec
606 650 821 698 dissimili
846 651 896 697 in
921 651 1095 699 virtute
1117 668 1205 718 per
1233 659 1451 699 sanctum
1473 647 1844 715 epiphaniorum

421 730 551 778 diem
585 729 658 776 vir
698 728 867 776 beatus
901 730 1152 794 apparuit,
1194 745 1308 777 cum
1341 743 1396 774 os
1433 727 1554 774 muti
1592 725 1841 790 cujusdam

420 806 692 856 obstrusum
726 822 890 854 coram
929 807 1113 872 populo
1148 806 1390 854 reseravit.
1427 803 1617 851 Piolus²
1645 803 1842 868 quidam

420 885 736 933 Condatensis
766 885 996 944 clericus,
1032 902 1060 932 a
1097 886 1342 940 nativitate
1376 881 1646 948 procedens
1676 896 1846 927 manus

418 964 603 1012 clausas
640 962 883 1010 laborioso
934 962 1119 1010 mundo
1165 961 1397 1028 protulit,
1445 960 1495 1006 in
1535 975 1626 1005 usu
1669 957 1846 1005 laboris

418 1042 612 1089 inertes.
637 1043 695 1087 Et
718 1040 814 1086 hoc
834 1057 921 1087 cur
947 1041 1204 1103 acciderit,
1231 1050 1394 1087 utrum
1412 1038 1491 1084 hic
1516 1046 1598 1084 aut
1626 1046 1846 1102 parentes

418 1119 522 1183 ejus
541 1117 889 1184 peccaverint³,
916 1127 969 1164 ut
993 1118 1059 1165 sic
1082 1134 1281 1165 mancus
1310 1124 1585 1163 nasceretur
1603 1150 1615 1173 ‚
1647 1130 1748 1160 non
1776 1123 1847 1160 est

419 1203 596 1241 nostrae
619 1192 918 1239 discretionis
945 1193 1205 1239 exsolvere.
1244 1195 1402 1238 Unum
1427 1200 1615 1237 tantum
1648 1189 1842 1249 scimus,

420 1270 554 1335 quod
578 1271 626 1316 in
650 1286 735 1330 e0‚
764 1270 885 1317 sicut
907 1279 953 1316 et
986 1271 1032 1316 in
1067 1270 1261 1333 reliquis
1291 1268 1519 1329 infirmis,
1556 1276 1627 1314 est
1656 1275 1847 1313 ostensa

420 1348 572 1412 gratia
596 1347 872 1395 sacerdotis.
903 1351 1022 1395 Nam
1046 1365 1156 1395 cum
1184 1348 1334 1395 sactus
1356 1356 1480 1394 esset
1502 1346 1667 1393 decem
1691 1362 1844 1392 anno-

420 1443 547 1484 rum,
574 1425 1048 1490 accrescentibusque
1072 1426 1315 1490 unguibus
1335 1441 1500 1488 graves
1522 1424 1714 1471 dolores
1738 1439 1846 1469 ma-

418 1518 573 1548 nuum
587 1510 843 1566 pateretur,
862 1501 1155 1566 eosdemque
1170 1502 1291 1549 ferre
1306 1518 1403 1548 non
1424 1499 1662 1557 toleraret,
1681 1498 1846 1545 limina

418 1575 547 1623 beati
586 1575 870 1623 confessoris
907 1576 1071 1623 adivit.
1111 1575 1280 1640 Ibique
1319 1575 1491 1622 diebus
1532 1573 1693 1620 multis
1733 1589 1846 1619 cum

420 1669 607 1700 summa
629 1653 927 1718 parcimonia
952 1654 1228 1701 demoratus
1246 1690 1257 1712 ,
1282 1653 1456 1716 digitos
1480 1651 1705 1711 directos,
1740 1666 1843 1697 ma-

418 1747 605 1795 nusque
636 1730 797 1778 retulit
823 1747 978 1778 sanas.
1012 1734 1124 1778 Post
1149 1747 1303 1778 annos
1321 1740 1483 1778 autem
1513 1730 1609 1776 sere
1633 1729 1847 1793 quinque

418 1809 678 1874 pessimum
710 1809 909 1855 incurrit
939 1808 1331 1868 incommodum,
1374 1817 1422 1854 et
1460 1806 1578 1853 dum
1610 1806 1654 1852 vi
1688 1806 1847 1852 nimiae

418 1886 563 1934 febris
593 1886 838 1945 atteritur,
865 1887 999 1934 vocis
1027 1887 1303 1933 elocutione
1326 1885 1605 1946 mulctatur,
1633 1893 1846 1948 ereptus-

418 1980 513 2029 que
548 1980 576 2011 a
614 1963 745 2010 febre
781 1963 882 2010 sine
920 1964 1122 2028 loquelae
1158 1963 1319 2010 officio
1354 1961 1669 2028 permanebat
1708 1981 1718 2007 :
1762 1960 1844 2008 sed

418 2042 572 2088 taliter
602 2042 754 2089 fuerat
775 2036 933 2089 aditus
956 2043 1053 2088 oris
1081 2042 1181 2105 ejus
1205 2041 1499 2101 obstructus,
1526 2050 1579 2086 ut
1612 2056 1701 2086 nec
1725 2055 1846 2103 qua-

417 2118 705 2183 lemcunque
737 2120 972 2183 mugitum
1006 2129 1166 2183 posset
1201 2119 1445 2177 emittere;
1476 2117 1559 2165 sed
1585 2126 1845 2164 annectens

420 2212 532 2243 cum
548 2198 750 2262 corrigia
778 2207 873 2244 tres
893 2197 1078 2244 tabulas
1105 2213 1253 2243 manu
1277 2195 1474 2256 serebat,
1504 2194 1696 2242 easdem
1723 2196 1846 2241 inter

419 2289 470 2321 se
494 2274 744 2333 collidens,
766 2291 1037 2339 sonumque
1057 2291 1201 2339 quem
1227 2273 1287 2321 ab
1313 2290 1394 2321 ore
1417 2289 1516 2319 non
1536 2272 1681 2319 dabat
1702 2272 1845 2319 tabu-

419 2351 475 2398 lis
514 2352 800 2417 proferebat.
835 2356 938 2400 Hoc
974 2370 1095 2418 opus
1129 2351 1416 2399 vinitoribus
1451 2351 1565 2398 utile
1599 2360 1696 2410 est,
1732 2368 1844 2398 cum

418 2427 579 2475 vineta
614 2428 676 2476 ab
712 2429 1039 2476 infestantium
1071 2430 1232 2477 avium
1264 2428 1464 2476 catervis
1493 2428 1737 2475 defensare
1765 2444 1844 2476 co-

474 2650 529 2696 (t)
547 2650 693 2694 Paulo,
719 2649 838 2688 5326.

474 2712 530 2765 (⁹2)
551 2713 613 2753 Sic
633 2726 767 2751 omnes
786 2726 875 2751 mss,
899 2722 1037 2765 praeter
1060 2713 1159 2751 Clar.
1176 2742 1186 2761 ‚
1209 2713 1275 2764 qui
1295 2712 1410 2751 habet
1429 2715 1587 2752 Piolc'us.
1611 2713 1712 2751 Editi
1731 2726 1840 2761 vero,

420 2781 564 2819 Paulas
581 2810 591 2828 ,
615 2770 652 2817 et
670 2779 723 2817 sic
743 2779 781 2817 in
803 2779 925 2818 titulo.
948 2781 1028 2828 (R.)
1043 2800 1096 2810 -
1116 2780 1215 2818 3801
1238 2782 1405 2827 Paulus;
1426 2781 1525 2820 Cott.
1547 2782 1700 2830 Pyolus.

475 2844 528 2892 (3)
554 2845 687 2892 Joan„
710 2856 750 2882 xx
765 2872 776 2891 ,
801 2845 837 2883 2.
