2028 3458
425 399 502 437 118
628 400 692 434 DE
720 395 1014 434 VIRTUTIBUS
1044 394 1217 432 SANCTI
1245 395 1472 431 MARTINI.
1492 415 1545 421 —
1564 395 1616 430 ΙΙ.

423 498 636 553 captura.
661 485 742 532 llle
764 494 924 531 autem
946 502 955 530 :
990 504 1012 527 (ι
1032 483 1174 530 Haud
1197 482 1401 530 dubium
1421 483 1496 542 sit,
1520 483 1632 546 quia
1657 489 1847 546 praestat

422 567 519 614 hoc
541 566 687 612 virtus
707 564 823 627 ejus,
853 565 972 608 Nam
995 561 1217 618 referam,
1242 562 1415 625 inquit,
1440 561 1579 608 vobis
1600 576 1705 624 quae
1728 558 1848 605 mihi

421 644 517 690 hoc
538 659 666 689 anno
691 641 1019 703 contigerunt,
1045 639 1121 686 vel
1144 639 1346 703 qualiter
1379 656 1465 704 per
1490 639 1849 685 invocationem

423 721 633 768 nominis
666 719 784 782 ejus,
811 718 1076 783 opitulante
1114 718 1346 776 Domino,
1380 716 1513 782 quod
1547 717 1710 782 optavi
1736 732 1848 780 pro-

423 798 593 846 merui.
625 797 845 861 Denique
870 796 971 843 dies
1002 805 1102 842 erat
1125 795 1516 860 epiphaniorum,
1543 805 1591 842 et
1612 796 1851 858 ingressus

423 877 470 922 in
499 875 877 940 promptuariO,
897 874 1017 921 nihil
1048 883 1193 938 potus
1217 873 1350 937 quod
1385 872 1630 920 haurirem
1661 871 1847 930 inveni,

424 969 732 1018 egressusque
745 952 896 1013 oravi,
914 951 1102 998 dicens:
1126 970 1148 993 c<
1161 949 1691 1007 SanctissimeMartine‚
1705 958 1854 995 trans-

426 1032 559 1077 mitte
583 1031 699 1077 mihi
735 1031 784 1077 in
819 1030 911 1077 hac
942 1045 1074 1076 sacra
1100 1027 1402 1075 solemnitate
1433 1026 1614 1091 aliquid
1638 1027 1762 1085 vini,
1793 1042 1854 1072 ne

424 1108 730 1174 epulantibus
745 1109 864 1169 aliis,
883 1107 1174 1172 egojejunus
1188 1123 1485 1154 remaneam.
1508 1125 1531 1150 »
1546 1107 1674 1151 Dum
1692 1113 1856 1151 autem

426 1189 527 1235 haec
550 1188 719 1235 tacitus
744 1204 952 1246 orarem,
973 1204 1143 1235 vocem
1163 1188 1210 1234 in
1235 1186 1448 1234 ulteriori
1465 1185 1570 1250 ripa
1593 1184 1754 1232 audivi
1778 1199 1856 1230 me

427 1276 698 1326 vocantem,
730 1276 784 1313 ut
806 1265 970 1313 navim
1001 1265 1190 1312 homini
1221 1265 1305 1328 qui
1339 1265 1429 1312 iter
1453 1263 1624 1328 agebat
1650 1262 1859 1309 adduce-

429 1361 550 1392 rem.
591 1348 773 1391 Verum
810 1343 921 1401 ubi,
963 1343 1172 1408 acceptis
1209 1343 1389 1403 contis,
1428 1352 1683 1389 tunsorum
1715 1340 1860 1387 etiam

430 1425 611 1488 impetu
634 1423 805 1470 fluctus
829 1438 989 1469 secare
1012 1422 1156 1486 coe-pi,
1183 1431 1230 1468 et
1252 1431 1305 1468 ut
1329 1422 1377 1467 in
1403 1420 1566 1467 medio
1591 1435 1734 1466 amne
1758 1435 1862 1481 per-

432 1502 559 1561 veni,
583 1500 743 1548 subito
765 1517 986 1547 excussus
1009 1516 1213 1563 magnus
1236 1516 1292 1546 ex
1319 1499 1501 1563 gurgite
1527 1497 1667 1563 piscis
1691 1496 1738 1542 in
1765 1511 1861 1542 na·-

430 1579 525 1626 vim
563 1579 735 1626 cecidit
771 1597 781 1625 z
825 1595 925 1643 quo
965 1579 1222 1625 confestim
1270 1593 1530 1642 oppresso,
1562 1573 1863 1638 transpositis

435 1657 730 1718 hominibus,
757 1657 958 1703 domum
984 1672 1224 1720 regressus
1252 1673 1382 1715 sum,
1410 1653 1704 1716 venditoque
1733 1651 1863 1718 pisce

436 1752 535 1783 uno
558 1736 657 1783 vini
682 1735 868 1796 modio,
894 1751 1007 1781 cum
1033 1734 1214 1781 caeteris
1239 1750 1347 1780 sum
1370 1732 1591 1780 refectus.
1626 1733 1750 1794 Ergo
1775 1745 1862 1775 no-

435 1815 594 1863 veritis
622 1831 769 1880 quam
791 1813 1019 1862 velociter
1042 1813 1090 1859 in
1118 1812 1236 1860 illud
1259 1812 1395 1877 quod
1418 1812 1670 1858 invocatus
1693 1807 1860 1868 fuerit,

434 1894 471 1940 si
494 1903 683 1958 petatur
707 1892 925 1953 fideliter,
955 1891 1224 1957 apparebit.
1255 1912 1277 1935 τ)
1303 1894 1470 1938 Testor
1508 1899 1670 1938 autem
1705 1890 1863 1934 Deum

436 1972 548 2035 quia
568 1972 670 2019 haec
693 1970 754 2019 ab
774 1971 920 2035 ipsius
943 1980 1100 2017 nautae
1122 1985 1207 2016 ore
1228 1969 1454 2033 cognovi.

1006 2106 1163 2141 CAPUT
1189 2106 1314 2140 XVII.

934 2204 987 2238 De
1005 2203 1259 2238 Gunthramno
1275 2200 1381 2237 duce.

507 2299 733 2359 Quodam
752 2300 830 2348 die
846 2299 966 2347 dum
983 2298 1371 2347 Gunthramnus¹
1391 2301 1512 2345 Boso
1527 2305 1697 2344 contra
1708 2295 1870 2341 vicum

444 2380 859 2428 Ambasiacensem
885 2381 900 2403 ²
937 2380 1141 2442 Ligerim
1178 2378 1379 2424 fluvium
1425 2384 1763 2431 transmearet,
1816 2390 1871 2420 ac

444 2457 736 2506 irruentibus
753 2458 853 2520 jam
877 2457 1084 2504 tenebris
1111 2456 1348 2503 mundum
1371 2473 1468 2502 nox
1493 2454 1737 2502 horribilis
1764 2452 1874 2499 reti·-

445 2546 603 2596 neret‚
639 2536 797 2583 subito
833 2535 1115 2583 adversante
1159 2544 1306 2582 vento
1345 2544 1503 2581 nauta»
1532 2532 1786 2580 turbantur
1820 2531 1869 2577 in

444 2616 633 2682 pelage,
666 2614 989 2679 separatisque
1018 2613 1220 2660 navibus
1251 2629 1356 2678 quae
1379 2622 1579 2677 pontem
1602 2610 1739 2658 illurn
1762 2626 1872 2656 sus-

505 2785 559 2831 (1)
582 2771 883 2832 cantelaannus,
896 2785 993 2822 380¹
1011 2798 1021 2831 ;
1044 2782 1324 2829 Gtmtlzrannus,
1343 2782 1447 2819 5329
1465 2796 1475 2828 3
1499 2782 1756 2827 Guntrannas,
1779 2777 1853 2827 Sag

498 2852 551 2897 (2)
572 2850 749 2901 Plerique
768 2863 859 2888 mss.
879 2849 1177 2887 Ambiacensem.
1201 2851 1339 2897 (R.)—
1354 2850 1451 2886 3801
1478 2859 1679 2898 perperam
1704 2843 1866 2882 Ambia-

448 2929 613 2953 uensem.
