2028 3458
417 272 492 310 316
626 272 692 309 DE
720 269 1013 308 VIRTUTIBUS
1041 269 1216 307 SANCTI
1244 269 1468 309 MARTINI.
1488 290 1541 297 —
1559 270 1624 307 IV.

414 375 616 424 pergens
655 357 979 405 necessitatem
1008 356 1199 421 pateris.
1234 375 1256 399 »
1280 359 1338 403 Et
1372 356 1591 422 deposito
1621 356 1682 404 de
1710 355 1834 403 ulnis

416 435 609 483 vasculo
644 434 776 482 dedit
804 435 938 481 asino
967 433 1092 480 illius
1126 432 1307 481 hibere.
1343 436 1452 492 Quo
1484 435 1632 495 facto,
1661 434 1834 480 iterum

415 512 584 560 hausta
606 529 757 576 aqua,
785 512 1078 577 impletoque
1101 512 1296 559 vasculo
1320 512 1647 559 revertebatur
1669 511 1730 558 ad
1751 510 1835 558 vil-

413 590 526 638 lam.
545 592 701 647 Quam
724 605 1019 654 prosequens
1042 598 1231 637 sanctus
1253 589 1317 636 ait
1337 607 1347 635 :
1369 608 1391 634 «
1414 589 1625 636 Reddam
1648 588 1732 636 tibi
1745 604 1834 653 pro

415 668 633 716 mercede
655 667 965 726 beneficium,
992 668 1103 731 quia
1125 666 1374 731 adaquasti
1396 667 1582 714 asinum
1605 683 1782 714 meum.
1808 684 1831 710 υ

416 749 473 792 Et
495 747 662 811 positis
686 745 886 810 genibus
907 746 955 792 in
981 754 1106 792 terra
1129 745 1283 792 oravit
1306 745 1367 792 ad
1392 746 1654 791 Dominum
1669 781 1681 804 ,
1709 754 1761 791 ut
1785 745 1835 791 in

415 821 524 869 loco
548 822 630 869 illo
654 822 798 870 fontis
823 821 1097 869 ostenderet
1117 838 1309 869 venam.
1342 824 1404 868 Ac
1428 822 1586 868 statim
1609 838 1836 868 consum«

416 910 544 948 mata
566 901 809 962 oratione,
836 899 1049 965 disrupta
1074 909 1200 947 terra
1223 899 1406 946 fontem
1428 899 1717 946 immensum
1739 914 1838 962 po·-

417 978 543 1044 pulis
564 977 914 1026 admirantibus
936 978 1180 1043 patefecit,
1207 978 1289 1042 qui
1314 993 1464 1042 usque
1488 976 1636 1023 hodie
1662 974 1840 1022 benefl-

417 1056 545 1103 cium
568 1055 748 1121 praebet
769 1055 1049 1103 hominibus
1072 1054 1489 1103 commanentibus
1518 1054 1567 1101 in
1597 1070 1710 1118 agro
1733 1053 1834 1100 illo.

418 1135 471 1180 In
495 1133 618 1180 illius
641 1134 768 1181 enim
796 1133 941 1180 fontis
965 1150 1048 1181 ore
1071 1142 1142 1180 est
1164 1133 1282 1199 lapis
1304 1134 1354 1180 in
1377 1132 1730 1191 testimonium,
1756 1131 1840 1195 qui
1907 1143 1911 1146 '

417 1211 667 1276 vestigium
687 1211 860 1270 retinet
877 1211 1008 1259 aselli
1027 1211 1170 1275 hujus
1189 1227 1331 1276 super
1347 1227 1494 1275 quem
1508 1219 1699 1257 sanctus
1716 1208 1838 1256 sedit

420 1299 630 1339 antistes.

960 1449 1116 1485 CAPUT
1146 1449 1303 1486 XXXII.

856 1549 910 1584 De
926 1547 1094 1584 incendio
1113 1548 1212 1583 urbis
1230 1548 1393 1583 Pictavae.

486 1649 582 1694 Nec
614 1645 734 1693 illud
772 1645 1011 1693 silendum
1046 1654 1183 1710 puto,
1217 1643 1350 1709 quod
1384 1643 1466 1691 illo
1493 1653 1709 1709 tempore
1733 1659 1843 1690 cum

421 1725 551 1773 Plato
567 1728 579 1750 ¹
603 1725 937 1790 episcopatum
957 1725 1180 1772 Pictavae’
1204 1723 1335 1770 urbis
1359 1722 1561 1788 adeptus
1584 1732 1671 1783 est,
1696 1722 1844 1769 virtus

421 1802 571 1850 sancti
623 1802 710 1848 fuit
758 1811 962 1848 ostensa.
1014 1803 1199 1848 Domus
1250 1799 1476 1864 adjuncta
1520 1798 1845 1846 ecclesiasticae

421 1880 590 1927 domui
606 1879 833 1927 incendio
855 1878 1065 1926 maximo
1085 1877 1406 1939 cremabatur,
1425 1894 1480 1925 ac
1501 1877 1714 1924 scintillae
1732 1893 1843 1924 cum

420 1957 711 2005 carbonibus
735 1974 878 2022 super
904 1957 1108 2004 domum
1130 1956 1354 2016 ecclesiae,
1379 1954 1655 2020 impellente
1678 1961 1839 2014 vento,

423 2035 674 2083 cadebant.
707 2035 801 2082 Sed
840 2035 918 2082 ille
953 2034 1014 2082 de
1051 2034 1247 2100 pulvere
1282 2033 1407 2080 beati
1437 2033 1641 2098 sepulcri
1681 2049 1842 2080 secum

421 2112 626 2173 habens,
662 2112 844 2159 elevato
883 2112 1166 2159 chrismario
1187 2113 1201 2136 ⁸
1231 2121 1399 2158 contra
1438 2111 1615 2173 ignem,
1647 2120 1843 2157 exortus

424 2190 582 2238 subito
619 2199 788 2237 ventus
810 2199 957 2237 vento
994 2189 1060 2237 illi
1092 2189 1380 2250 contrarius,
1408 2188 1623 2235 flammas
1658 2204 1686 2236 a
1718 2198 1842 2235 tecto

476 2398 531 2445 (1)
554 2395 615 2435 Sic
634 2408 725 2434 mss.
747 2407 894 2433 omnes.
915 2394 1016 2432 Editi
1035 2406 1107 2445 pro
1127 2395 1239 2432 Plato
1255 2391 1400 2431 habent
1419 2394 1613 2431 Placidus.
1642 2394 1722 2442 (R.)

480 2461 534 2506 (2)
554 2459 659 2496 2204
677 2460 872 2496 Paecrave.

478 2522 532 2570 (3)
548 2520 820 2559 Chi-ismarium
844 2532 912 2558 vas
931 2527 1012 2557 erat
1030 2518 1077 2557 ad
1098 2527 1272 2557 sanctum
1291 2517 1456 2556 chrisma
1476 2516 1756 2569 recipiendum,
1769 2530 1848 2567 quo

426 2591 552 2622 tamen
572 2583 727 2621 nomine
746 2583 859 2621 etiam
882 2595 974 2620 vasa
1001 2581 1049 2619 ad
1073 2589 1221 2619 sanctas
1247 2580 1427 2630 reliquias
1453 2579 1702 2618 includendas
1730 2580 1847 2618 medii

425 2646 498 2684 aevi
520 2654 696 2689 auctores
715 2645 971 2683 donaverunt.
990 2643 1199 2683 Chrismale
1220 2652 1346 2681 autem
1368 2655 1435 2679 vas
1454 2651 1534 2680 erat
1551 2643 1590 2680 in
1614 2656 1691 2693 quo
1707 2655 1846 2694 corpus

425 2707 565 2748 Christi
597 2706 880 2754 asservabatur,
909 2715 947 2745 et
971 2706 1128 2758 quidem
1150 2705 1292 2744 Glaber
1314 2704 1500 2743 Rodulfus
1523 2706 1721 2743 chrismale
1743 2704 1845 2742 idem

426 2784 510 2810 esse
534 2784 579 2811 ac
597 2774 790 2822 corporale
807 2770 913 2810 dicit.
935 2772 1014 2818 (R.)
