2028 3458
439 244 514 281 1208
803 245 871 281 DE
897 243 1078 281 GLORIA
1105 242 1472 281 CONFESSORUM.

436 332 745 390 mundatum3
767 332 1087 396 perjurantem
1105 330 1352 394 diriguisse
1373 340 1426 377 ut
1443 330 1638 388 ferrum,
1664 330 1843 376 crimen

434 408 721 468 confessum,
748 408 874 456 illico
899 407 1191 456 absolutum.

956 566 1112 602 CAPUT
1135 566 1309 601 XXXIV.

902 660 955 693 De
1000 659 1154 706 Georgia
1201 658 1375 706 religiosa.

497 775 660 819 Fertur
681 772 824 818 etiam
847 772 990 820 fuisse
1013 773 1060 820 in
1087 789 1143 820 ea
1168 772 1284 820 urbe
1304 772 1462 838 puella
1485 774 1720 837 quaedam,
1744 776 1851 822 reli-

429 850 560 913 giosa
579 859 720 914 atque
739 838 911 897 devota
930 853 1048 907 Deo,
1076 867 1182 915 quae
1200 851 1246 897 in
1266 868 1377 898 rure
1399 867 1725 912 commanens,
1753 869 1850 916 quo

428 927 488 974 ab
528 927 692 975 urbica
728 928 1037 993 populatione
1073 928 1295 976 submota
1323 928 1517 976 liberius
1555 929 1721 993 dignas
1749 932 1850 976 Deo

428 1005 625 1052 laudum
649 1005 827 1053 hostIas
858 1005 1118 1067 exhiberet,
1158 1007 1375 1071 quotidie
1408 1017 1567 1054 autem
1589 1007 1781 1072 jejuniis
1805 1018 1852 1055 et

430 1081 728 1129 orationibus
753 1083 1015 1130 insistebat.
1050 1087 1245 1131 Factum
1272 1093 1341 1131 est
1370 1084 1527 1147 igitur,
1565 1094 1615 1130 ut
1644 1085 1850 1148 migrans

425 1159 487 1207 ab
511 1158 606 1205 hoc
642 1159 846 1221 mundo,
879 1160 939 1207 ad
963 1161 1205 1208 basilicam
1231 1160 1399 1226 oppidi
1425 1177 1568 1209 causa
1593 1161 1851 1226 sepeliendi

424 1246 700 1303 portaretur
721 1254 731 1283 :
753 1254 919 1285 verum
940 1238 1021 1285 ubi
1044 1239 1200 1286 levato
1221 1238 1399 1286 feretro
1424 1255 1599 1304 corpus
1621 1256 1705 1304 per
1727 1241 1852 1287 viam

428 1314 538 1361 ferri
572 1314 807 1380 coepisset,
843 1315 1104 1363 adveniens
1139 1333 1250 1378 grex
1287 1333 1489 1380 magnus
1517 1316 1852 1363 columbarum

430 1407 572 1456 super
610 1407 716 1437 eam
752 1391 912 1439 volare
945 1393 1104 1457 coepit,
1131 1402 1274 1456 atque
1304 1392 1417 1440 illuc
1449 1393 1694 1440 volitando
1723 1395 1857 1458 sequi

432 1483 529 1532 quo
554 1466 654 1514 haec
676 1483 700 1513 a
726 1469 954 1531 proximis
985 1467 1241 1515 ferebatur.
1285 1471 1393 1525 Qua
1424 1468 1472 1514 in
1500 1467 1743 1515 basilicam
1768 1468 1858 1515 de·

432 1544 525 1591 lata
543 1581 552 1602 ,
579 1560 689 1608 grex
707 1554 834 1590 totus
856 1561 998 1608 super
1016 1554 1193 1591 tectum
1215 1545 1328 1592 aedis
1346 1545 1493 1610 ipsius
1510 1545 1639 1592 visus
1661 1555 1731 1592 est
1749 1561 1860 1592 con-

436 1619 639 1679 sedisse3
667 1620 840 1685 illaque
864 1621 1064 1685 sepulta,
1091 1621 1152 1669 ad
1171 1622 1316 1668 coelos
1335 1622 1584 1670 evolavere
1603 1621 1854 1669 columbae.

438 1698 574 1745 Unde
611 1715 711 1746 non
749 1700 986 1745 immerito
1015 1699 1220 1762 Georgia
1247 1711 1522 1764 nuncupata
1549 1711 1634 1759 est,
1662 1717 1768 1765 quae
1792 1701 1859 1747 sic

438 1776 645 1823 exercuit
665 1785 874 1823 mentem
901 1776 1088 1824 cultura
1110 1778 1326 1841 spiritali,
1349 1788 1403 1824 ut
1426 1779 1602 1843 adepto
1625 1779 1864 1842 virginita-

443 1855 500 1900 tis
526 1855 798 1919 sexagesimi
825 1854 1004 1902 sructus
1038 1864 1292 1920 proventu,
1319 1855 1565 1920 egrediens
1587 1856 1647 1904 de
1670 1856 1859 1917 saeculo,

445 1931 714 1980 coelestibus
735 1932 1056 1981 honoraretur
1077 1933 1328 1997 exsequiis.

988 2098 1144 2147 CAPJJT
1168 2098 1323 2134 xxxv.

669 2195 722 2228 De
740 2195 901 2241 sepulcro
920 2195 1066 2230 effracto
1089 2196 1124 2232 in
1143 2195 1287 2232 basilica
1307 2196 1416 2231 sancti
1434 2196 1460 2231 V
1463 2196 1646 2231 eneraudi.

514 2328 567 2372 In
591 2325 782 2375 basilica
801 2337 959 2375 autem
983 2329 1133 2376 sancti
1151 2329 1437 2376 Venerandi¹
1446 2345 1592 2393 ‚quae
1609 2330 1756 2396 sancti
1783 2329 1870 2376 11Ιί-

450 2401 517 2448 dii
540 2411 609 2448 est
631 2403 864 2467 proxima,
902 2404 1193 2451 transvoluta
1209 2391 1383 2452 cellula
1407 2421 1433 2452 a
1455 2415 1589 2470 parte
1610 2389 1867 2452 occidentis

452 2478 538 2525 suit
574 2479 622 2526 in
654 2496 748 2544 qua
771 2481 917 2529 multa
941 2499 997 2529 ex
1025 2499 1262 2530 marmore
1286 2484 1424 2530 Pario
1450 2483 1662 2549 sepulcra
1687 2482 1868 2547 sculpta

506 2634 560 2687 (1)
588 2635 747 2674 Basilica
765 2637 884 2675 sancti
903 2637 1134 2686 Venerandi,
1153 2640 1204 2676 20
1229 2638 1380 2677 circiter
1406 2638 1580 2690 passibus
1607 2638 1656 2677 ab
1675 2638 1865 2686 lllidiana,

451 2706 489 2735 ct
516 2688 631 2750 paulo
655 2699 819 2751 amplius
842 2699 891 2739 ab
910 2701 1070 2740 ecclesia
1097 2702 1216 2740 sancti
1240 2702 1357 2741 Cassii
1384 2702 1529 2749 dissita,
1553 2702 1772 2740 etiamnunc
1800 2714 1867 2738 su-

452 2774 521 2813 pei
522 2770 579 2800 est
600 2762 638 2800 in
657 2762 778 2801 hortis
798 2765 1015 2803 monasterii
1037 2764 1217 2803 Illidiani.
1238 2769 1318 2814 (R.)
