2028 3458
449 261 526 298 26¹0
647 260 712 295 DE
740 257 1032 294 VIRTUTIBUS
1061 256 1230 294 SANCTI
1258 256 1480 293 MARTINI.
1506 275 1556 282 —
1579 255 1649 292 111.

447 347 713 393 orationem
743 345 1015 410 suppliciter
1046 343 1277 403 fundens,
1315 359 1370 390 ac
1403 340 1731 407 poenitentiam
1769 354 1857 403 pro

448 423 729 486 negligentia
752 430 1040 486 compuncte
1058 437 1216 483 agens,
1242 420 1319 467 die
1337 430 1523 478 octava,
1545 416 1775 481 sanguine
1797 415 1859 462 ab

447 501 594 549 oculis
617 499 902 565 profluente,
929 498 1192 545 illuminata
1218 507 1301 544 est.

1006 641 1162 675 CAPUT
1186 640 1300 675 LVII.

957 715 1008 749 De
1028 727 1119 749 caeco
1138 714 1347 749 illuminato.

514 802 728 848 Hominis
751 801 996 864 cujusdam
1022 802 1146 847 oculi
1175 816 1330 847 crassa
1351 798 1562 860 caliginis
1595 795 1722 842 nube
1748 812 1863 842 con-

450 879 584 936 tecti,
624 878 836 942 quodam
875 877 1055 941 glutino
1096 876 1363 941 conjunctis
1399 874 1641 940 palpebris
1679 873 1864 919 fuerant

450 954 674 1015 obserati,
713 965 760 1002 et
788 955 920 1018 quod
954 965 1199 1020 supererat
1235 955 1357 1012 viro,
1396 952 1580 1014 magnis
1617 949 1864 996 doloribus

450 1030 716 1078 tenebatur.
752 1031 879 1088 Quid
907 1030 1073 1095 plura?
1097 1030 1414 1078 Festivitatem
1443 1027 1593 1074 sancti
1619 1042 1730 1073 cum
1755 1026 1863 1071 reli-

449 1109 553 1171 quis
571 1108 772 1155 devotus
791 1109 1002 1172 expetiit,
1022 1118 1199 1155 attente
1216 1124 1417 1154 exorans
1435 1116 1488 1153 ut
1505 1123 1532 1152 3
1548 1105 1720 1151 virtute
1741 1103 1865 1149 beati

450 1185 666 1231 antistitis
701 1186 878 1232 visitari
911 1196 1172 1231 mereretur
1208 1185 1256 1230 in
1290 1184 1368 1230 die
1406 1181 1735 1230 solemnitatis.
1773 1179 1866 1226 Sed

449 1277 580 1308 sacra
610 1261 839 1308 solemnia
862 1263 1090 1326 praevenit
1122 1262 1332 1326 potentia
1368 1258 1673 1313 confessoriS,
1705 1267 1865 1304 osten-

449 1336 568 1384 dens
603 1355 652 1385 se
675 1338 837 1385 adesse
862 1338 1051 1403 populis
1071 1377 1082 1399 ,
1109 1355 1219 1385 cum
1245 1336 1461 1383 tenebras
1486 1335 1668 1399 pepulit
1686 1334 1867 1380 lumen-

450 1430 542 1475 que
567 1414 757 1466 refudit.
786 1416 930 1477 Igitur
952 1424 1062 1461 ante
1085 1415 1212 1461 diem
1236 1413 1428 1460 tertium
1461 1411 1743 1468 festivitatis,
1772 1408 1867 1455 hoc

450 1491 500 1536 in
525 1493 644 1538 atrio
668 1492 799 1555 quod
826 1492 1038 1538 absidam
1062 1491 1272 1556 corporis
1292 1490 1460 1549 ambit,
1485 1506 1543 1536 eo
1567 1498 1758 1544 orante,
1786 1504 1867 1533 su-

453 1566 555 1614 bito
578 1570 727 1633 aperti
751 1580 861 1615 sunt
884 1569 1009 1615 oculi
1033 1570 1133 1632 ejus
1149 1606 1160 1628 ,
1188 1578 1233 1614 et
1264 1568 1494 1632 aspiciens
1526 1566 1680 1613 lucem
1706 1563 1868 1610 videre

452 1643 640 1688 meruit.
679 1643 823 1700 Quod
854 1660 965 1689 cum
994 1643 1064 1690 his
1103 1643 1185 1706 qui
1222 1642 1422 1688 aderant
1460 1657 1571 1688 cum
1607 1639 1868 1702 gratiarum

452 1720 641 1765 actione
666 1729 897 1772 narraret.
920 1720 1102 1766 dictum
1125 1729 1193 1765 est
1217 1720 1260 1765 ei
1283 1728 1335 1765 ut
1357 1719 1498 1765 silens
1518 1718 1679 1782 potius
1696 1716 1869 1762 oratio-

452 1812 563 1841 nem
601 1795 839 1856 sunderet,
881 1807 933 1844 ut
966 1807 1170 1861 coeptam
1209 1797 1430 1843 virtutem
1466 1795 1634 1842 beatus
1674 1794 1868 1841 antistes

451 1872 648 1919 celerius
685 1873 981 1938 adimpleret.
1017 1877 1148 1921 Tunc
1181 1883 1446 1938 prostratus
1478 1883 1635 1930 terrae,
1672 1887 1782 1917 cum
1819 1870 1867 1915 in

452 1949 682 2012 lacrymas
706 1952 1016 2015 prorupisset,
1040 1951 1235 1998 firmatis
1260 1951 1428 2011 oculiS,
1452 1966 1479 1996 a
1494 1949 1597 1996 solo
1615 1948 1868 1995 incolumis

451 2036 667 2073 surrexit.

995 2159 1150 2193 CAPUT
1185 2160 1319 2193 LVIII.

452 2238 503 2270 De
519 2237 712 2285 paralytico
726 2247 759 2272 et
775 2237 915 2273 duobus
927 2239 1026 2274 caecis
1042 2240 1182 2281 sanatis,
1196 2248 1229 2274 et
1243 2238 1385 2273 duobus
1399 2238 1641 2284 energumenis
1657 2235 1866 2271 emundatis.

520 2340 628 2384 Post
647 2338 773 2385 diem
794 2356 905 2385 vero
923 2340 1115 2386 tertium
1140 2339 1278 2403 liujus
1299 2339 1627 2397 solemnitatis,
1650 2349 1751 2386 erat
1769 2339 1870 2402 qui-

451 2413 563 2461 dam
587 2415 872 2479 paralyticus
894 2416 989 2463 hoc
1010 2417 1055 2462 in
1079 2417 1187 2463 loco
1207 2434 1424 2475 exorans,
1449 2417 1525 2462 cui
1546 2415 1762 2463 debilitas
1778 2415 1869 2461 hac

451 2490 511 2537 de
534 2507 694 2552 causa,
722 2502 773 2538 ut
797 2493 895 2557 ipse
922 2495 1175 2554 enarravit,
1203 2504 1441 2553 evenerat,
1469 2494 1580 2557 quia
1606 2494 1722 2541 dum
1747 2502 1868 2539 esset

450 2585 569 2632 puer
603 2569 853 2633 parvulus,
890 2581 935 2616 et
964 2588 1073 2617 cum
1110 2571 1300 2635 reliquis
1332 2571 1601 2636 pastoribus
1636 2587 1867 2635 pecorum

451 2646 499 2691 in
527 2662 699 2710 campo
724 2648 987 2695 custodiam
1014 2658 1211 2711 gereret,
1240 2666 1383 2713 super
1407 2650 1586 2695 fontem
1612 2646 1866 2711 quemdam

453 2722 774 2782 obdormivit3
804 2724 905 2771 aliis
929 2742 1121 2789 quoque
1145 2726 1203 2773 ad
1232 2726 1479 2774 meridiem
1503 2723 1864 2780 recedentibus,
