2028 3458
447 251 523 288 378
854 249 921 284 DE
949 248 1139 285 GLORIA
1167 246 1539 284 CONFESSORUM.

444 338 694 402 leransque
710 338 798 383 iter
817 336 943 383 viam
960 335 1240 399 ingreditur.
1262 335 1407 398 Igitur
1424 343 1566 380 eunte
1583 332 1665 380 illo
1682 332 1862 396 quievit

444 416 619 482 pluvia,
647 425 1011 477 austrorumque
1042 412 1268 459 violentia
1298 428 1418 459 saeva
1451 410 1718 458 succubuit.
1758 412 1861 475 Ipse

443 510 635 558 quoque
656 492 851 539 feliciter
882 491 1142 539 conficiens
1176 491 1280 550 iter,
1319 490 1576 538 benedicto
1610 490 1717 536 loco
1751 505 1862 536 cum

443 588 559 637 pace
581 586 818 634 regressus
841 578 925 616 est.
953 571 1071 615 Nam
1103 567 1339 616 referebat
1370 567 1650 633 plerumque
1679 566 1864 614 vultum

444 650 772 712 incessumque
795 647 1032 710 virginum
1056 664 1066 691 z
1093 655 1140 693 et
1159 661 1304 693 unam
1324 644 1520 710 quidem
1541 644 1726 692 dicebat
1748 661 1865 709 pro-

442 725 675 786 lixiorem,
703 725 898 773 alteram
922 725 1157 771 minorem
1181 733 1322 784 statu,
1349 739 1449 770 non
1475 723 1663 783 merito,
1689 732 1865 769 utram-

442 820 535 868 que
556 813 713 851 tamen
732 803 842 849 nive
860 800 1189 849 candidiorem
1207 819 1218 860 ;
1243 817 1447 865 quarum
1467 815 1611 846 unam
1630 801 1861 858 Mauram,

443 882 633 927 Brittan]
668 880 865 927 alteram
896 878 1164 938 vocitabat,
1205 877 1369 925 dicens
1400 894 1450 924 se
1488 876 1550 924 ab
1585 892 1749 924 earum
1783 892 1866 923 ore

444 959 542 1006 haec
565 958 762 1006 nomina
785 957 1084 1022 cognovisse.

1012 1122 1169 1157 CAPUT
1196 1122 1299 1157 XIX.

630 1220 728 1265 Quid
744 1228 882 1255 sanctus
901 1220 1094 1255 Eufronius
1112 1220 1156 1255 de
1167 1221 1379 1255 chariberto
1395 1233 1476 1268 rege
1496 1219 1672 1267 praedixit.

508 1315 609 1377 lpse
632 1328 826 1376 quoque
849 1311 1060 1377 pontifex
1084 1328 1195 1358 cum
1214 1328 1242 1359 a
1266 1312 1427 1358 multis
1443 1310 1656 1358 crebrius
1676 1326 1867 1373 urgere-

443 1401 538 1452 tur,
564 1401 615 1438 ut
632 1391 693 1438 ad
712 1407 966 1438 occursum
984 1390 1250 1438 Chariberti
1268 1391 1390 1453 regis
1408 1389 1602 1437 deberet
1621 1388 1865 1448 accedere,

444 1479 490 1516 et
510 1470 755 1516 innectens
785 1484 942 1515 moras
964 1468 1033 1515 ire
1065 1468 1290 1527 differret,
1320 1468 1516 1514 tandem
1546 1477 1818 1514 commotus
1842 1483 1869 1512 a

442 1548 555 1606 suis,
582 1548 648 1594 ait
669 1565 680 1593 ε
709 1566 731 1591 «
753 1548 838 1604 Ite,
867 1556 1124 1611 praeparate
1147 1546 1253 1603 iter,
1283 1555 1333 1592 ut
1348 1562 1511 1593 eamus
1529 1544 1591 1591 ad
1614 1560 1870 1591 occursum

442 1627 579 1688 regis,
616 1641 760 1689 quem
799 1625 946 1671 visuri
987 1640 1086 1671 non
1124 1640 1305 1671 sumus.
1355 1644 1376 1667 »
1423 1623 1571 1687 Igitur
1616 1624 1870 1688 imponens

443 1704 663 1767 plaustris
697 1703 988 1762 necessaria,
1027 1711 1073 1749 et
1107 1702 1301 1749 caballis
1343 1701 1405 1749 ad
1440 1703 1530 1748 iter
1569 1700 1866 1765 praeparatis,

437 1782 632 1847 jamque
649 1782 698 1828 in
714 1780 810 1828 hoc
823 1787 978 1828 stante
994 1781 1179 1827 ratione
1199 1790 1251 1827 ut
1270 1779 1467 1827 deberet
1483 1779 1610 1825 viam
1629 1778 1867 1838 incedere,

442 1860 538 1907 ait:
573 1881 595 1903 ι(
627 1862 939 1907 Revertantur
957 1859 1184 1924 plaustra,
1209 1857 1428 1904 laxentur
1447 1857 1573 1921 equi,
1597 1873 1695 1903 non
1720 1856 1869 1903 modo

443 1936 538 1984 hoc
561 1938 648 1984 iter
666 1936 951 1985 incedimus.
981 1954 1004 1981 υ
1030 1934 1312 1997 Dicentibus
1336 1944 1494 1981 autem
1512 1936 1609 1980 suis
1625 1950 1730 1997 quae
1751 1943 1871 1980 esset

443 2014 544 2061 haec
565 2014 746 2075 levitaS,
774 2024 828 2061 ut
850 2031 956 2078 quae
978 2024 1077 2061 tam
1099 2013 1330 2060 instanter
1356 2012 1514 2076 parari
1529 2017 1745 2076 jusserat,
1773 2020 1867 2057 tam

444 2090 579 2138 facile
610 2090 915 2152 deturbaret,
945 2091 1011 2138 ait
1031 2091 1286 2137 secretius:
1315 2109 1337 2133 «
1365 2089 1610 2154 PrincepS,
1638 2088 1699 2135 ad
1725 2105 1868 2152 quern

446 2182 534 2213 nos
554 2168 621 2214 ire
644 2168 943 2232 compellitis,
968 2167 1111 2225 obiit,
1139 2183 1228 2214 nec
1245 2167 1502 2224 viventem,
1529 2165 1566 2211 si
1591 2163 1866 2225 abierimus,

446 2245 760 2293 inveniemus.
805 2267 826 2290 >›
858 2245 1117 2311 Stupesacti
1150 2244 1395 2292 audientes
1430 2244 1557 2290 diem
1592 2252 1786 2302 notant,
1825 2251 1871 2289 et

445 2323 597 2370 sancti
624 2322 772 2371 verba
813 2323 939 2371 taciti
970 2332 1177 2371 servant.
1215 2320 1583 2369 Advenientibus
1612 2330 1772 2368 autem
1807 2318 1869 2366 ab

446 2401 565 2449 urbe
604 2402 835 2449 Pal-isiaca
867 2400 1173 2462 hominibus,
1199 2417 1254 2447 ea
1287 2400 1407 2447 hora
1439 2416 1598 2464 regem
1634 2398 1870 2446 transiisse

447 2480 668 2527 nuntiant
706 2496 800 2544 qua
840 2479 1061 2526 sacerdos
1103 2479 1311 2544 plaustra
1354 2478 1414 2526 de
1458 2478 1627 2524 itinere
1669 2477 1869 2540 jusserat

447 2558 677 2606 revocari.
