2028 3458
441 347 517 383 106
653 348 718 383 DE
747 343 1038 382 VIRTUTIBUS
1066 343 1238 381 SANCTI
1266 345 1492 384 MARTINI.
1512 363 1565 372 --
1583 344 1634 381 11.

439 435 694 494 transiens,
721 434 822 481 sine
856 431 1131 479 collisione¹
1154 433 1385 480 exercitus
1414 448 1584 497 pacem
1617 448 1729 479 cum
1761 430 1851 479 fra·

440 511 588 559 tribus
626 512 750 559 fecit.
796 510 941 568 Quod
980 509 1140 556 nullus
1171 510 1380 575 ambigat
1403 509 1529 558 hanc
1550 510 1696 558 etiam
1728 509 1851 557 beati

439 590 655 637 antistitis
685 588 827 635 fuisse
856 587 1125 635 victoriam.

1001 736 1157 771 CAPUT
1181 736 1288 772 VIII.

954 832 1006 865 De
1025 843 1118 866 caeco
1135 830 1196 866 illu
1201 830 1348 866 minato.

501 933 570 976 Eo
596 945 789 994 quoque
812 923 1031 993 tempore
1050 945 1200 975 caecus
1225 927 1424 992 quidam
1447 927 1508 975 ab
1531 927 1854 991 eleemosyna-

435 1005 513 1052 riis
537 1005 783 1070 postulans
805 1004 994 1069 stipem,
1022 1003 1099 1050 cui
1123 1012 1347 1051 nouerat
1369 1002 1499 1050 aliud
1520 1003 1570 1049 in
1591 1003 1737 1063 victu,
1763 1004 1855 1051 nisi

434 1081 602 1147 aliquis
627 1081 670 1129 ei
691 1098 890 1129 manum
912 1080 1199 1147 porrexisset
1218 1080 1406 1145 pietatis
1426 1080 1620 1141 intuitu,
1643 1096 1735 1128 nec
1755 1090 1856 1127 erat

435 1160 568 1208 domi
595 1159 871 1226 praesidium
895 1160 989 1206 nisi
1016 1158 1258 1205 miseratio
1282 1157 1599 1217 devotorum,
1621 1156 1706 1205 die
1728 1172 1850 1220 una,

434 1237 550 1284 dum
580 1246 690 1284 ante
729 1246 947 1283 sanctum
983 1236 1259 1301 sepulcrum
1287 1234 1391 1281 fixis
1434 1243 1578 1282 staret
1611 1230 1847 1299 vestigiis,

434 1314 590 1362 subito
613 1314 845 1378 corripuit
869 1329 979 1361 eum
1003 1312 1145 1360 dolor
1165 1313 1216 1359 in
1241 1312 1420 1371 oculis3
1447 1321 1495 1360 et
1514 1328 1628 1360 cum
1650 1311 1855 1376 graviter

434 1391 495 1439 ab
531 1391 628 1438 hoc
658 1390 827 1438 dolore
875 1381 1239 1438 consumeretur
1255 1425 1268 1449 ,
1308 1398 1558 1455 coeperunt
1594 1388 1696 1453 eJ‘us
1726 1387 1856 1438 oculi

434 1485 654 1533 spumam
686 1468 916 1516 emittere.
954 1470 1012 1514 Et
1040 1467 1107 1514 sic
1136 1477 1418 1532 erumpente
1441 1483 1467 1514 a
1490 1466 1729 1532 palpebris
1754 1466 1855 1529 chs

433 1547 678 1611 sanguine,
699 1548 748 1594 in
767 1547 1033 1594 redivivam
1049 1546 1206 1594 lucem
1224 1562 1497 1606 renascens,
1521 1546 1703 1606 lumen,
1720 1545 1855 1610 quod

430 1625 551 1672 olim
572 1625 868 1691 perdiderat,
894 1624 1058 1673 videre
1081 1626 1367 1691 promeruit.

1023 1744 1181 1780 CAPUT
1199 1744 1266 1780 IX.

1011 1829 1065 1862 De
1092 1828 1161 1863 alia
1189 1840 1292 1864 caeca.

495 1910 858 1958 Gunthedrudis
878 1911 893 1936 ¹
913 1911 1133 1976 quaedam
1149 1948 1162 1972 ,
1190 1912 1251 1960 de
1276 1910 1656 1959 Viromandense
1676 1912 1691 1935 ⁸
1719 1910 1854 1958 terri·

432 1989 581 2047 torio,
609 1988 864 2036 oculorum
898 1989 1062 2035 lumen
1098 1989 1407 2054 perdiderat:
1441 2004 1546 2051 quae
1574 1987 1855 2052 relinquens

432 2064 631 2112 domum
657 2076 703 2112 et
727 2067 947 2130 patriam,
977 2065 1072 2112 fide
1095 2075 1453 2126 commonente,
1481 2066 1611 2111 venit
1630 2064 1693 2112 ad
1715 2080 1853 2111 sanc-

431 2150 527 2188 tam
546 2141 808 2201 basilicam,
834 2141 997 2207 ibique
1012 2141 1184 2190 diebus
1208 2142 1370 2191 multis
1392 2141 1684 2203 deserviens,
1711 2141 1854 2187 unius

432 2218 558 2265 oculi
582 2219 754 2266 meruit
778 2219 989 2284 recipere
1014 2220 1186 2267 visum.
1222 2222 1339 2277 Quae
1375 2237 1488 2266 mox
1525 2219 1672 2266 oblita
1697 2220 1852 2265 virum

430 2306 478 2343 et
499 2295 648 2359 filios,
672 2305 899 2361 vesteque
924 2306 1127 2355 mutata,
1169 2296 1232 2344 ad
1265 2296 1543 2361 religionem
1570 2296 1852 2344 ecclesiasti-

430 2389 553 2435 cam,
580 2374 791 2421 Domino
814 2373 1099 2439 inspirante,
1122 2374 1353 2421 transivit.

485 2520 538 2566 (1)
562 2520 671 2567 Bec.,
689 2522 770 2556 sirie
787 2520 963 2567 consilio,
984 2525 1149 2569 utraque
1170 2517 1283 2555 lectio
1302 2531 1397 2556 vera
1422 2526 1492 2557 est.
1517 2521 1597 2567 (R.)

485 2585 539 2632 (2)
561 2583 638 2621 Alii
659 2585 916 2623 Gumletrudis
938 2584 1001 2621 vel
1027 2584 1313 2622 Gunthetrudis.
1348 2587 1430 2633 (R.)
1730 2613 1735 2619 ,
1756 2607 1757 2610 =

482 2650 537 2699 (3)
565 2652 677 2689 Mart.
698 2663 786 2689 cum
805 2650 914 2689 Ciict.
935 2649 1053 2689 habet
1072 2654 1110 2687 in
1130 2651 1206 2687 vico
1225 2652 1458 2699 Mandense,
1477 2659 1515 2689 et
1531 2650 1642 2691 Chol.
1662 2653 1741 2694 vico
1755 2652 1851 2696 Ha·-

428 2715 703 2773 dense;Bign.,
720 2719 752 2753 V
754 2717 982 2755 icomadensi
987 2746 996 2755 .
1014 2715 1089 2755 Sed
1102 2715 1347 2756 librariorum
1364 2725 1421 2755 est
1439 2730 1563 2757 error.
1587 2717 1850 2766 (RQ—6326,

430 2784 558 2832 5329,
586 2784 625 2820 V
622 2784 887 2830 ermandense;
909 2783 1050 2822 Cl.-F.
1079 2785 1117 2820 V
1115 2785 1377 2830 immadem-03
1406 2785 1509 2822 5359
1537 2783 1848 2822 Guntetrudis....

431 2851 468 2885 V
467 2850 764 2898 immndensse;
787 2850 885 2888 Cott.
909 2851 947 2886 V
944 2850 1215 2887 eromendensi.
