2028 3458
463 261 538 297 412
827 256 891 291 DE
919 253 1107 290 GLORIA
1133 253 1505 292 CONFESSORUM.

460 348 642 395 diversa
665 343 858 392 adhibet
879 342 1035 389 studia
1050 379 1062 402 ,
1084 344 1278 406 largitur
1300 351 1346 389 et
1368 343 1561 407 praemia
1588 359 1598 387 ε
1627 341 1711 387 sed
1740 342 1880 388 nullis

462 424 619 490 potuit
650 421 805 469 modis
827 420 887 467 ab
911 420 1090 467 eisdem
1114 420 1284 467 elicere
1309 419 1575 476 medelam3
1604 418 1759 465 donec
1783 427 1883 466 tan-

462 502 571 548 dem
616 499 873 563 aliquando
910 498 1059 563 pietas
1100 498 1294 544 Domini
1334 507 1575 544 commota
1609 497 1878 560 respiceret.

461 578 686 643 Apparuit
708 578 837 623 enim
860 576 904 623 ei
930 591 1134 641 persona
1158 574 1379 640 quaedam
1408 591 1495 640 per
1520 575 1674 621 visum
1698 574 1851 620 noctis
1868 610 1880 632 ,

462 655 624 702 dicens
670 673 679 701 :
726 674 748 697 <t
794 655 842 700 Si
879 654 949 700 vis
980 653 1152 701 visioni
1186 653 1393 718 pristinae
1430 652 1708 712 restaurari,
1742 667 1884 716 perge

462 732 762 796 quantocius,
804 740 850 777 et
885 731 1072 795 require
1103 729 1314 794 lapidem
1355 729 1608 785 mundum,
1645 744 1700 775 ac
1728 745 1886 776 sarco-

463 809 673 874 phagum
707 808 874 874 puellae
909 808 1209 873 quiescentis,
1249 807 1381 871 quod
1420 808 1468 853 in
1504 805 1700 854 basilica
1738 807 1886 853 sancti

463 886 732 935 Venerandi
750 887 989 934 detectum
1011 885 1228 943 habetur,
1251 885 1389 931 citius
1411 894 1515 947 tege
1534 900 1667 929 :mox
1692 882 1888 929 detectis

463 965 641 1012 visibus
677 966 931 1012 oculorum
957 973 1167 1023 tuorum,
1194 963 1318 1010 clare
1347 972 1522 1024 cuncta
1551 960 1828 1026 prospicies.
1862 979 1884 1004 υ

464 1044 572 1099 Quo
611 1040 763 1099 facto,
803 1049 855 1086 ut
889 1054 968 1085 vas
1009 1037 1125 1085 illud
1156 1037 1323 1084 clausit
1355 1037 1628 1102 opertorio,
1671 1035 1888 1099 protinus

465 1115 639 1180 apertis
661 1114 811 1161 oculis
828 1115 990 1161 lumen
1015 1113 1190 1177 recepit
1211 1128 1268 1158 ex
1287 1113 1488 1175 integro.
1514 1109 1649 1157 Unde
1670 1126 1767 1156 nou
1790 1125 1889 1156 am-

463 1192 640 1257 bigitur
674 1208 775 1239 esse
813 1208 920 1238 eam
951 1191 1125 1238 nobilis
1157 1190 1338 1248 meriti,
1378 1206 1483 1253 quae
1520 1189 1633 1236 talia
1666 1197 1885 1252 praestare

466 1272 620 1335 potuit
642 1269 904 1333 aegrotanti.
1372 1275 1378 1283 '

993 1394 1148 1430 CAPUT
1173 1394 1349 1429 XXXVI.

715 1500 766 1533 De
783 1498 859 1532 aliis
876 1498 1045 1546 sepulcris
1063 1506 1267 1533 sanctorum
1286 1496 1323 1530 in
1342 1494 1467 1530 eadem
1486 1494 1640 1528 basilica.

529 1631 650 1676 Sunt
683 1638 842 1676 autem
880 1629 927 1674 in
965 1627 1197 1675 hocloco
1234 1626 1383 1673 multa
1413 1623 1629 1690 sepulcra
1668 1640 1802 1688 quae,
1841 1633 1891 1670 ut

467 1706 686 1766 diximus,
720 1705 933 1753 fidelium
967 1722 1068 1752 esse
1099 1704 1382 1770 probantur.
1418 1701 1631 1749 Habetur
1660 1700 1788 1747 enim
1827 1699 1890 1746 ibi

467 1782 675 1829 tumulus
714 1780 826 1827 huic
861 1797 888 1827 a
929 1780 1042 1827 laeva
1077 1780 1347 1843 contiguus,
1383 1775 1698 1839 longitudine,
1741 1774 1894 1820 latitu-

467 1858 596 1919 dine,
624 1858 888 1916 altitudine,
915 1858 1144 1922 omnique
1168 1857 1406 1922 positione
1430 1853 1703 1901 consimilis.
1729 1854 1782 1897 In
1806 1851 1895 1897 hu-

462 1937 540 1999 jus
563 1936 718 1983 fronte
743 1937 991 2000 superiore
1013 1935 1219 1996 habetur
1242 1935 1471 1999 scriptum
1498 1947 1509 1978 ε

825 2071 1022 2103 SANCTAE.
1061 2070 1302 2102 MEMOMAE.
1342 2068 1522 2099 GALLAE.

534 2170 614 2213 Est
647 2176 693 2213 et
723 2166 841 2214 illud
864 2166 1177 2214 nihilominus
1207 2165 1480 2231 sepulcrum
1513 2163 1768 2227 sculptum¹
1796 2178 1894 2208 me-

470 2244 570 2291 ritis
593 2244 870 2307 gloriosum,
893 2245 1017 2293 inter
1038 2260 1276 2308 egressum
1300 2241 1503 2288 basilicae
1521 2240 1670 2288 sancti
1691 2238 1826 2286 lllidii
1847 2248 1894 2285 et

470 2321 735 2384 ingressum
756 2320 921 2386 templi
949 2321 1078 2369 beati
1101 2318 1372 2368 Venerandi
1404 2319 1452 2365 in
1485 2318 1614 2365 edito
1653 2317 1889 2383 positum,

472 2399 521 2445 in
545 2414 642 2462 quo
666 2398 822 2444 ferunt
849 2397 1166 2445 Alexandrum
1180 2398 1437 2460 quemdam
1458 2394 1731 2459 religiosum
1755 2393 1893 2439 fuisse

472 2475 737 2541 sepultum3
780 2475 840 2523 de
881 2493 977 2540 quo
1023 2469 1244 2539 frequens
1290 2473 1590 2520 infirmorum
1625 2471 1891 2530 necessitaS,

526 2663 581 2716 (1)
602 2664 662 2704 Sic
681 2667 751 2704 SB.
776 2667 825 2702 At
842 2663 949 2704 Colb.
981 2677 1003 2702 a
1026 2664 1175 2712 (2204),
1196 2662 1307 2711 Bad..
1339 2665 1456 2709 Mon,
1485 2660 1613 2708 Chol„
1632 2662 1790 2709 sculpti;
1817 2657 1896 2705 alii,

472 2732 640 2779 sculptis.
658 2728 758 2776 Bal„
779 2731 921 2767 multis.
942 2729 1130 2766 Caeterum
1149 2726 1256 2765 nulla
1267 2725 1348 2775 jam
1362 2733 1511 2764 exstant
1530 2724 1630 2763 inter
1641 2723 1710 2761 has
1724 2721 1898 2760 basilicas

474 2792 663 2845 sepulcra.
691 2791 771 2844 (R.)
