2028 3458
397 344 472 383 120
599 343 666 379 DE
693 342 990 379 VIRTUTIBUS
1020 341 1195 379 SANCTI
1224 343 1449 379 MARTINI.
1473 362 1524 370 -
1546 344 1598 380 Π.

392 428 609 477 tinebant
624 430 653 489 ¹,
675 438 721 476 et
741 444 867 491 aqua
883 444 1034 492 usque
1053 427 1115 475 ad
1134 445 1380 476 summum
1397 429 1605 495 repletiS,
1624 429 1816 479 descen-

391 506 513 554 dunt
537 507 697 553 cuncti
720 522 870 569 usque
892 505 955 552 ad
980 505 1226 570 cingulum
1250 523 1363 554 cum
1385 507 1500 573 ipsis
1532 508 1736 557 navibus
1760 510 1809 557 in

391 585 712 651 profundum,
740 599 1046 648 nequaquam
1084 594 1244 632 tamen
1280 586 1484 633 navibus
1514 586 1764 635 subductis
1787 605 1815 636 a

389 663 612 730 pedibus.
647 663 890 709 Exterritis
915 671 1076 710 autem
1111 662 1359 725 omnibus,
1388 668 1510 711 Boso
1540 682 1639 712 non
1676 682 1816 712 rauce

389 741 654 788 vociferans
689 739 816 787 beati
838 740 1030 787 Martini
1057 740 1287 788 auxilium
1313 742 1666 807 proclamabat,
1694 754 1741 791 et
1764 754 1818 791 ut

390 820 456 866 eis
474 818 535 866 ad
552 817 858 865 liberandum
881 818 1078 866 festinus
1099 829 1388 880 occurreret,
1409 821 1713 886 precabatur,
1741 822 1818 870 di-

387 913 500 943 cens
531 895 733 943 fidenter
763 896 891 943 suis:
923 916 946 941 «
976 897 1132 945 Nolite
1169 899 1361 959 timere3
1389 899 1487 946 scio
1521 900 1651 946 enim
1683 900 1812 964 quod

377 973 578 1028 ,dextera
601 975 752 1021 sancti
784 974 870 1021 viri
897 974 960 1022 ad
982 976 1211 1023 auxilium
1238 977 1586 1041 porrigendum
1609 980 1815 1027 maxime

385 1052 433 1099 in
461 1052 818 1099 necessitatibus
841 1053 901 1100 sit
922 1063 1102 1119 parata.
1134 1075 1155 1099 υ
1179 1058 1289 1103 Haec
1307 1072 1365 1103 eo
1389 1055 1597 1114 dicente,
1622 1056 1813 1105 directis

385 1147 412 1178 a
435 1133 537 1177 Deo
569 1129 788 1189 navibus,
817 1141 1099 1197 mutatoque
1122 1143 1268 1181 vento
1292 1135 1534 1181 contrario
1563 1135 1611 1181 in
1647 1152 1817 1182 secun-

386 1207 521 1264 dum,
550 1208 685 1255 nullo
710 1219 970 1274 pereunte,
1003 1222 1328 1277 pervenerunt
1353 1213 1403 1259 in
1426 1212 1582 1273 littus,
1610 1212 1693 1260 ubi
1717 1222 1814 1261 tam

384 1302 591 1352 praesens
607 1287 816 1334 occurrit
836 1286 962 1335 beati
981 1289 1267 1337 confessoris
1286 1290 1582 1355 suffragium,
1600 1300 1653 1338 ut
1670 1292 1814 1338 etiam

386 1374 638 1426 argentum
661 1365 794 1429 quod
818 1366 1034 1431 rapiente
1056 1367 1204 1415 fluvio
1236 1368 1569 1434 perdiderant,
1597 1369 1703 1435 ipso
1727 1368 1816 1416 de-

386 1441 532 1506 nique
548 1442 695 1491 fluvio
719 1443 770 1492 in
791 1444 922 1492 littus
945 1445 1240 1508 restituente,
1263 1447 1546 1513 reciperent.

939 1581 1094 1621 CAPUT
1118 1582 1263 1621 XVIII.

883 1680 937 1716 De
951 1680 1132 1716 Landulfo
1144 1682 1315 1720 lunatico.

449 1773 659 1832 Quidam
677 1792 735 1823 ex
747 1761 1033 1825 Viennensi¹
1051 1780 1293 1827 territorio
1313 1778 1576 1827 Landulfus
1595 1780 1813 1840 nomine,

386 1853 589 1916 graviter
606 1870 633 1901 a
651 1854 848 1903 lunatici
872 1856 1099 1904 daemonii
1121 1857 1422 1905 infestatione
1444 1858 1723 1920 vexabatur,
1751 1859 1816 1907 ita

387 1939 440 1976 ut
477 1930 761 1997 plerumque
797 1933 859 1980 ab
893 1934 1033 1982 hoste
1069 1952 1120 1983 se
1143 1936 1309 1984 vallari
1345 1945 1520 2001 putans
1555 1937 1603 1983 in
1635 1946 1813 1984 terram

386 2019 630 2056 corrueret
645 2044 657 2067 ‚
683 2020 1002 2076 cruentasque
1026 2029 1084 2059 ex
1107 2029 1191 2059 ore
1214 2029 1409 2077 spumas
1432 2013 1679 2074 emittens,
1704 2024 1809 2061 tan-

387 2101 532 2149 quam
567 2096 787 2134 mortuus
809 2087 1094 2135 habebatur.
1124 2089 1270 2147 Quod
1307 2107 1456 2154 genus
1478 2089 1638 2137 morbi
1677 2090 1816 2155 ephi-

385 2163 613 2210 lenticum
640 2166 905 2229 peritorum
941 2167 1242 2214 medicorum
1268 2169 1494 2217 vocitavit
1527 2170 1810 2229 auctoritas;

387 2240 549 2287 rustici
576 2258 691 2289 vero
733 2242 958 2291 cadivum
990 2245 1176 2305 dixere,
1210 2263 1301 2311 pro
1333 2264 1391 2294 eo
1430 2248 1563 2311 quod
1601 2248 1809 2296 caderet.

386 2319 605 2382 Cumque
628 2336 677 2366 se
695 2321 964 2369 antedictus
990 2323 1038 2369 in
1060 2323 1155 2370 hoc
1179 2325 1305 2371 exitu
1327 2324 1510 2372 videret
1533 2325 1677 2389 affligi
1696 2364 1707 2386 ,
1732 2343 1814 2373 au-

386 2395 484 2442 dita
504 2394 631 2443 beati
653 2398 865 2462 praesulis
889 2399 1030 2460 fama,
1052 2411 1266 2449 sanctam
1288 2402 1388 2466 ejus
1405 2403 1523 2450 adiit
1541 2403 1809 2466 basilicam,

440 2590 495 2638 (1)
520 2589 626 2628 2204
644 2591 756 2638 (solio
778 2594 843 2639 79,
864 2595 914 2642 ΥΟ)
938 2593 1050 2633 istam
1075 2595 1240 2647 glossam
1259 2596 1376 2636 habet
1403 2598 1443 2636 in
1472 2599 1668 2652 margine,
1690 2600 1813 2639 unde-

383 2653 485 2693 cimo
516 2656 655 2695 saeculo
681 2657 833 2697 circiter
862 2669 1058 2700 exaratam
1084 2678 1091 2701 ε
1124 2666 1223 2701 Tunc
1249 2666 1346 2702 enim
1376 2666 1583 2705 tabulatam
1605 2666 1807 2716 faciebant

385 2729 498 2757 natale
516 2734 631 2772 supetj
648 2736 772 2774 naves,
794 2734 836 2762 ut
854 2732 978 2775 majus
993 2737 1147 2777 portare
1169 2740 1335 2780 possent.

440 2788 494 2835 (2)
516 2787 636 2839 Editi,
658 2792 697 2827 V
693 2792 841 2830 lunensi
866 2795 1052 2831 territorio
1072 2798 1333 2847 Laudulpluw.
1360 2801 1449 2838 Bec.
1473 2797 1527 2852 (et
1544 2802 1676 2850 Cott.),
1701 2803 1804 2837 Laec-

387 2854 533 2903 clulfus.
555 2856 700 2905 (R.)—
717 2858 814 2896 3801
834 2887 846 2907 ,
868 2861 905 2895 V
904 2863 1099 2900 tunensi...
1125 2864 1358 2914 Landulfus.
