2028 3458
442 269 519 305 222
643 270 708 306 DE
738 269 1029 306 VIRTUTIBUS
1059 270 1229 308 SANCTI
1262 273 1485 310 MARTINI.
1510 293 1559 300 —
1581 273 1652 310 111.

1005 437 1161 472 CAPUT
1187 438 1289 473 XXI.

938 532 989 565 De
1008 533 1027 566 J
1031 532 1149 567 uliano
1170 542 1365 569 contracto.

506 626 598 673 Sed
621 635 666 672 et
700 625 800 673 haec
830 626 970 688 sama,
997 638 1050 675 ut
1083 646 1205 693 saepe
1231 629 1452 690 diximus,
1479 647 1578 677 non
1611 630 1765 678 solum
1795 632 1856 678 ad

442 704 686 769 propriam
723 703 915 765 urbem,
950 722 1118 752 verum
1154 708 1297 754 etiam
1331 708 1378 753 in
1411 707 1513 753 aliis
1547 708 1772 769 urbibus,
1812 720 1857 756 et

443 797 566 845 pene
591 781 639 826 in
663 789 763 827 toto
788 781 972 829 mundo
1005 783 1194 846 vulgata
1223 784 1477 849 perpatuit.
1510 784 1722 831 Julianus
1752 787 1856 849 qui-

445 858 555 905 dam
575 857 636 905 ab
656 859 893 923 Hispaniis
910 861 1121 921 veniens,
1149 879 1318 909 manus
1336 872 1382 908 et
1404 862 1549 928 pedes
1569 862 1751 909 habens
1773 864 1856 910 de-

442 934 577 995 biles,
621 935 681 983 ad
718 935 848 983 hunc
887 938 1129 985 medicum
1165 938 1366 986 devotus
1398 940 1634 1002 ingressus
1670 950 1757 998 est,
1785 940 1858 986 di-

441 1030 581 1061 cens:
613 1034 636 1058 «
656 1015 811 1062 Credo
826 1017 954 1062 enim
978 1016 1321 1075 indubitanter,
1350 1018 1643 1064 sanctissime
1668 1018 1854 1082 praesul‚

443 1090 576 1154 quod
594 1092 768 1155 poteris
787 1093 904 1139 mihi
922 1110 978 1140 ea
1000 1093 1196 1141 medelae
1212 1094 1486 1158 adjumenta
1507 1094 1735 1159 praebere,
1752 1111 1859 1158 quae

440 1165 617 1212 caeteris
639 1166 688 1211 in
711 1175 757 1212 te
777 1167 1074 1231 sperantibus
1098 1186 1197 1215 non
1218 1186 1266 1215 es
1294 1169 1459 1215 solitus
1472 1169 1723 1232 denegare.
1757 1187 1779 1211 »
1807 1171 1861 1214 In

444 1241 534 1289 hac
553 1242 830 1291 credulitate
850 1245 1055 1291 orationi
1068 1245 1256 1292 assidue
1271 1247 1506 1306 insistenS,
1523 1256 1569 1293 et
1583 1246 1642 1293 de
1665 1246 1861 1292 Domini

445 1318 747 1366 miseratione
771 1336 868 1366 non
904 1319 1145 1378 dubitans,
1176 1321 1365 1369 directis
1389 1321 1592 1386 pedibus
1616 1322 1863 1369 manibus-

443 1413 538 1459 que
552 1396 805 1444 incolumis
827 1407 896 1444 est
918 1398 1147 1445 redditus.

1003 1555 1160 1590 CAPUT
1184 1556 1306 1590 XXII.

742 1651 793 1684 De
813 1650 957 1684 muliere
976 1648 1021 1684 ad
1038 1649 1148 1684 sancti
1164 1650 1331 1683 lectulum
1347 1649 1558 1684 illuminata.

511 1746 690 1790 Verum
716 1744 827 1806 quia
850 1744 898 1789 in
924 1742 1248 1807 superioribus
1271 1743 1443 1790 libellis
1465 1744 1635 1808 saepius
1659 1742 1863 1790 diximus

446 1830 493 1867 et
525 1820 573 1866 in
613 1820 722 1866 loco
757 1819 840 1866 illo
878 1819 939 1866 de
962 1835 1060 1882 quo
1084 1819 1304 1882 migravit
1328 1819 1389 1867 ad
1412 1819 1558 1866 coelos
1580 1819 1865 1883 plerumque

447 1897 674 1946 miracula
708 1897 954 1956 celebrari,
991 1897 1107 1961 quid
1139 1914 1294 1962 nuper
1318 1908 1505 1961 gestum
1538 1897 1597 1943 sit
1630 1896 1859 1961 pandam.

447 1975 615 2022 Mulier
630 1974 852 2038 indigena
873 1974 1003 2021 urbis
1015 1974 1261 2021 Turonicae
1283 1975 1411 2021 visus
1423 1974 1634 2021 claritate
1648 1973 1861 2030 multata,

448 2052 667 2099 cellulam
690 2052 1062 2111 Condatensem,
1085 2053 1134 2098 in
1157 2068 1254 2115 qua
1277 2052 1476 2099 lectulus
1496 2052 1623 2099 beati
1648 2052 1866 2098 antistitis

448 2129 668 2188 habetur,
691 2129 900 2194 expetiit,
929 2138 1104 2193 putans
1132 2128 1219 2175 sibi
1248 2129 1520 2193 praesidium
1546 2129 1663 2189 fore,
1691 2129 1727 2174 si
1752 2145 1866 2175 can-

445 2206 591 2253 cellos
632 2206 780 2270 ipsius
814 2207 976 2253 lectuli
1018 2207 1258 2269 tetigisset.
1301 2206 1521 2253 Lectulus
1556 2215 1717 2252 autern
1765 2222 1863 2252 non

444 2283 574 2331 aliud
595 2283 784 2343 dicitur,
806 2283 897 2330 nisi
912 2283 1044 2347 quod
1068 2284 1117 2329 in
1143 2283 1471 2348 pavimentum
1489 2282 1607 2329 illud
1629 2281 1866 2329 substrato

449 2364 608 2411 cinere
630 2373 677 2411 et
692 2365 911 2429 apposito
932 2365 1075 2429 capiti
1100 2364 1277 2428 lapide,
1301 2364 1443 2410 Israel
1468 2364 1617 2410 nostri
1641 2363 1869 2428 temporis

451 2441 571 2489 flexa
597 2442 779 2488 cervice
802 2439 1053 2487 recubuit¹.
1083 2443 1207 2504 Ergo
1230 2440 1291 2487 ad
1316 2440 1409 2487 hoc
1433 2441 1681 2487 oraculum
1699 2439 1869 2487 mulier

504 2634 559 2680 (1)
579 2632 677 2671 Vict.
711 2646 798 2670 cum
831 2632 940 2678 edit„
965 2632 1043 2670 Bal.
1065 2640 1102 2670 et
1125 2632 1232 2670 Chol.
1261 2648 1268 2670 :
1303 2635 1495 2670 Lectulum
1520 2641 1643 2668 autem
1664 2645 1734 2668 non
1760 2632 1871 2668 aliud

451 2700 604 2749 dicunt,
635 2702 710 2735 nisi
738 2700 776 2735 in
789 2702 1004 2747 pavmzento
1024 2701 1088 2734 illo
1110 2697 1315 2735 substratus
1340 2699 1433 2734 cc'm's
1467 2707 1503 2734 ct
1530 2701 1724 2747 appositus
1750 2700 1869 2745 copiti

452 2764 568 2813 lapis,
592 2768 629 2801 in
649 2777 719 2813 quo
739 2772 912 2801 nocturno
934 2773 1096 2813 tempore
1115 2765 1222 2813 (lewa
1240 2768 1376 2801 cervice
1395 2762 1633 2802 recumberet.
1655 2763 1735 2809 (R.)
