2028 3458
458 297 480 333 li
680 294 745 329 DF.
773 290 1061 329 VIRTUTIBUS
1091 286 1262 324 SANCTI
1294 284 1502 321 MARTINI
1539 304 1592 311 —
1612 283 1644 320 1.

453 392 500 430 et
518 382 607 430 alia
624 397 821 445 quaeque
844 377 1123 425 morborum
1146 389 1318 439 genera
1340 373 1442 437 ipso
1468 370 1760 419 medicante¹
1787 389 1866 419 cu-

452 460 561 508 rari.
589 462 687 521 Ego
709 474 822 504 vero
857 455 1000 502 fidem
1032 454 1250 515 ingerens
1288 449 1398 496 libri
1436 448 1559 496 illius
1580 449 1662 513 qui
1688 449 1748 497 de
1766 450 1865 514 ejus

452 538 556 585 Vita
575 536 636 585 ab
660 533 971 584 anterioribus
994 541 1062 579 est
1083 531 1307 595 scriptus,
1329 536 1571 593 presentes
1589 528 1784 576 virtutes
1806 528 1865 576 de

449 624 628 679 quanto
650 613 710 661 ad
736 610 1014 659 memoriam
1038 607 1223 668 recolo,
1253 606 1495 653 memoriae
1518 605 1567 652 in
1594 615 1860 671 posterum,

448 693 654 739 Domino
677 690 891 755 jubente,
922 686 1178 735 mandabo,
1206 684 1348 743 Quod
1374 702 1473 731 non
1497 702 1831 750 praesumerem
1848 723 1860 747 ,

446 770 533 816 nisi
552 769 623 816 bis
646 778 693 815 et
711 767 848 814 tertio
871 766 1144 813 admonitus
1169 764 1356 810 fuissem
1379 780 1464 828 per
1485 764 1656 810 visum.
1686 767 1863 811 Tamen

447 837 822 911 omnipotentem
843 846 998 890 Deum
1021 852 1185 889 testem
1207 841 1383 888 invoco
1409 841 1522 904 quia
1536 841 1634 888 vidi
1653 841 1863 904 quadam

443 924 543 970 vice
556 939 640 988 per
659 921 916 982 somnium,
934 919 1091 967 media
1107 919 1200 978 die,
1216 919 1265 965 in
1278 918 1476 966 basilica
1485 919 1654 966 domni
1674 919 1863 966 Martini

442 999 621 1047 debiles
651 998 851 1060 multos,
878 1015 933 1046 ac
957 997 1153 1044 diversis
1183 996 1364 1044 morbis
1394 1013 1646 1062 oppressos
1674 997 1860 1058 sanari,

440 1088 486 1125 et
508 1077 727 1125 videbam
752 1094 857 1138 eos,
882 1085 1120 1141 spectante
1147 1085 1297 1123 matre
1319 1079 1452 1123 mea¹
1466 1112 1478 1136 ‚
1500 1093 1605 1141 quae
1626 1076 1691 1124 ait
1709 1076 1825 1123 mihi
1848 1094 1859 1122 ε

440 1158 597 1213 Quare
621 1155 773 1218 segnis
797 1171 846 1201 es
877 1153 939 1201 ad
967 1154 1067 1200 haec
1094 1152 1347 1201 scribenda
1366 1171 1472 1218 quae
1494 1156 1758 1220 prospicis?
1775 1155 1862 1201 Cui

440 1233 549 1280 aio:
580 1254 601 1277 «
625 1235 728 1279 Non
756 1241 800 1278 te
829 1232 983 1292 latet³‚
1011 1230 1142 1294 quod
1175 1231 1265 1278 sim
1294 1231 1469 1279 inscius
1498 1233 1788 1293 litterarum,
1816 1242 1862 1279 et

440 1319 535 1357 tam
555 1308 855 1356 admirandas
876 1309 1069 1355 virtutes
1103 1308 1272 1355 stultus
1296 1319 1343 1355 et
1365 1309 1514 1357 idiota
1534 1326 1634 1357 non
1659 1310 1861 1358 audeam

439 1384 754 1451 promulgare.
795 1386 987 1433 Utinam
1008 1387 1208 1433 Severus
1223 1423 1236 1449 ,
1263 1397 1345 1434 aut
1369 1387 1593 1435 Paulinus
1615 1388 1830 1435 viverent
1846 1425 1858 1448 ,

438 1474 519 1510 aut
554 1474 679 1511 certe
712 1467 996 1511 Fortunatus
1034 1463 1243 1526 adesset,
1281 1465 1363 1528 qui
1396 1465 1485 1513 ista
1518 1465 1856 1513 describerent.

438 1543 556 1587 Nam
582 1557 670 1603 ego
696 1540 757 1587 ad
788 1541 886 1588 haec
919 1541 1045 1587 iners
1075 1550 1243 1588 notam
1274 1539 1468 1589 incurro
1486 1580 1498 1604 ‚
1526 1543 1564 1589 si
1587 1543 1687 1590 haec
1713 1542 1862 1590 adno-

438 1628 535 1665 tare
560 1628 818 1665 tentavero.
851 1637 873 1662 »
902 1621 958 1664 Et
979 1619 1044 1666 ait
1066 1619 1216 1665 mihi:
1243 1639 1265 1663 «
1298 1622 1352 1666 Et
1386 1621 1537 1668 nescis
1560 1622 1672 1684 quia
1702 1620 1860 1668 nobis-

437 1713 547 1743 cum
563 1707 757 1761 propter
773 1696 1129 1759 intelligentiam
1145 1696 1438 1762 populorum
1453 1699 1491 1745 si
1508 1699 1613 1763 quis
1628 1699 1855 1763 loquitur,

437 1774 554 1821 sicut
571 1783 623 1821 tu
645 1774 776 1838 loqui
799 1783 968 1838 potens
987 1791 1053 1834 es,
1074 1791 1132 1821 eo
1152 1773 1360 1822 habetur
1378 1776 1527 1840 magis
1549 1776 1859 1842 praeclarum?

438 1856 598 1916 ltaque
633 1869 693 1900 ne
728 1851 942 1915 dubites,
976 1863 1022 1900 et
1057 1853 1157 1901 haec
1190 1870 1328 1918 agere
1356 1872 1456 1902 non
1483 1855 1678 1903 desistas
1708 1873 1718 1901 :
1749 1855 1862 1919 quia

437 1932 615 1978 crimen
634 1931 720 1978 tibi
743 1931 831 1978 erit
854 1932 891 1979 si
917 1948 973 1979 ea
995 1933 1212 1980 tacueris.
1240 1954 1263 1978 »
1291 1936 1391 1997 Ego
1412 1943 1573 1981 autem
1596 1933 1697 1981 haec
1721 1949 1859 1998 agere

437 2010 648 2074 cupiens,
660 2009 859 2074 duplicis
872 2010 995 2057 taedii
1009 2010 1194 2075 affligor
1207 2012 1440 2074 cruciatu,
1453 2013 1669 2061 moeroris
1685 2012 1861 2078 pariter

437 2095 484 2133 et
501 2087 706 2134 terroris.
736 2089 948 2136 Moeroris
962 2127 974 2150 ‚
995 2106 1079 2136 cur
1097 2099 1239 2138 tantae
1254 2091 1475 2154 virtutes,
1496 2108 1602 2155 quae
1621 2091 1709 2138 sub
1726 2101 1860 2139 ante-

437 2164 699 2212 cessoribus
723 2166 893 2213 nostris
916 2167 1044 2214 sactae
1066 2179 1200 2230 sunt,
1222 2185 1321 2215 non
1346 2179 1457 2216 sunt
1479 2170 1684 2235 scriptae3
1711 2179 1858 2216 terro·

437 2240 499 2288 ris
510 2278 523 2302 ,
542 2251 595 2289 ut
613 2243 856 2306 aggrediar
873 2260 993 2308 opus
1011 2246 1254 2309 egregium
1270 2247 1552 2295 rusticanus.
1576 2246 1669 2294 Sed
1691 2264 1775 2311 spe
1791 2247 1858 2293 di-

437 2319 557 2366 vinae
579 2320 761 2384 pietatis
781 2320 983 2383 illectus,
1006 2322 1253 2387 aggrediar
1274 2324 1407 2389 quod
1430 2334 1671 2372 monetur.
1702 2327 1857 2370 Potest

445 2448 510 2458 μ,
545 2452 590 2456 ..-

1710 2455 1837 2464 --——

490 2533 542 2583 (1)
564 2531 664 2570 Editi
685 2533 835 2572 codices
856 2547 943 2573 cum
972 2536 1117 2587 aliquot
1151 2538 1317 2591 scriptis,
1345 2541 1536 2579 mediante
1545 2555 1560 2586 ,·
1584 2540 1680 2579 Bell.
1705 2540 1857 2589 medifi—

436 2605 556 2635 cante.
573 2598 1018 2648 (Ruinartius.)—Cl.-F.
1039 2605 1252 2653 edific-ante.

488 2664 545 2711 (2)
563 2665 650 2703 Bec.
666 2695 676 2713 ‚
694 2667 771 2702 vidi
786 2677 1041 2716 expectantem
1062 2679 1218 2707 matrem
1239 2685 1374 2710 meam.
1398 2674 1475 2722 (R).
1490 2673 1651 2710 -2204
1672 2671 1851 2722 etCle.

434 2732 548 2765 matri
564 2742 666 2767 meas.

486 2795 541 2842 (3)
558 2794 658 2833 Clar.
681 2804 717 2832 et
738 2796 798 2834 alii
823 2810 913 2838 mss.
939 2812 947 2835 τ
974 2800 1079 2849 inops
1098 2801 1246 2839 litteris.
1269 2804 1348 2851 (R.)
