2028 3458
449 263 527 299 1256

448 544 542 580 Chap.

450 656 501 691 11.

451 719 521 753 111.

451 783 518 820 IV.

453 913 501 947 V.

454 979 519 1015 VI.

453 1044 539 1080 VII.

454 1108 559 1143 VIII.

454 1173 522 1210 IX.

454 1239 503 1275 X.

454 1303 522 1337 XI.

455 1367 541 1403 XII.

455 1431 559 1466 XIII.

455 1496 557 1531 XIV.

455 1562 538 1597 XV.

455 1629 559 1663 XVI.

457 1694 577 1731 XVII.

457 1759 596 1795 XVIII.

458 1824 562 1860 XIX.

459 1888 543 1923 XX.

458 1954 561 1989 XXI.

459 2018 581 2054 XXII.

460 2084 600 2120 XXIII.

461 2215 600 2252 XXIV.

462 2280 580 2316 XXV.

462 2347 599 2384 XXVI.

461 2411 620 2448 XXVII.

462 2476 636 2511 XXVIII.

463 2542 600 2579 XXIX.

464 2605 583 2641 XXX.

464 2672 603 2708 XXXI.
616 2692 622 2696 ·

467 2805 622 2843 XXXII.

879 261 1038 298 TABLE
1065 262 1156 299 nEs
1183 251 1439 300 MATIERES.

1127 424 1192 460 IV.

1769 544 1861 578 rages

652 591 703 624 De
722 601 803 623 mon
820 589 889 623 mal
907 587 952 623 de
968 597 1088 623 ventre
1093 613 1743 624 ............................
1802 589 1871 622 275

655 656 709 689 De
730 666 787 689 ma
800 654 926 701 langue
941 663 974 688 et
999 653 1044 688 de
1062 666 1134 688 mes
1148 654 1259 688 levres
1263 678 1745 691 .....................
1801 654 1870 687 277

658 717 753 753 D’un
780 719 900 753 enfant
921 718 1022 766 gukri
1042 717 1087 752 de
1104 719 1137 753 la
1156 717 1264 753 fievre
1272 743 1759 754 .....................
1814 718 1869 753 Id.

656 783 751 818 D'un
768 784 911 819 homme
926 784 1124 827 contrefait,
1142 783 1250 819 d'une
1266 785 1394 819 femme
1405 784 1548 831 aveugle
1558 792 1592 819 et
1604 783 1649 818 de
1667 782 1754 819 trois

690 845 870 896 possedes.
877 874 1747 885 .....................................
1803 849 1874 886 279

655 915 712 948 Du
730 915 803 948 serf
815 913 860 949 de
874 913 1091 949 Theodulfe.
1116 939 1749 950 ...........................
1815 913 1876 950 Id.

654 980 754 1015 Dela
767 980 932 1027 gu6rison
951 979 996 1015 de
1014 981 1199 1028 beaucoup
1225 979 1445 1015 d’infirmite'es
1449 1005 1741 1016 .............
1818 978 1874 1014 Id.

654 1046 748 1079 D'un
768 1045 876 1080 raisin
891 1058 936 1080 en
952 1045 1074 1081 Galice
1089 1070 1746 1082 ............................
1802 1044 1868 1079 281

656 1109 762 1155 Dessla
778 1108 947 1155 basilique
965 1108 1014 1144 du
1032 1109 1122 1144 saint
1137 1108 1226 1144 dans
1242 1110 1280 1143 la>
1292 1109 1375 1144 ville
1390 1107 1436 1143 de
1452 1108 1587 1144 Saintes
1594 1133 1748 1144 .......
1804 1108 1876 1142 285

653 1174 707 1208 De
722 1172 815 1208 deux
830 1172 1107 1222 dyssent6riques
1116 1198 1750 1211 ...........................
1819 1172 1873 1208 1d.

654 1240 724 1274 Des
734 1242 877 1286 patenes
888 1248 1085 1287 provenant
1099 1238 1149 1275 du
1165 1240 1254 1274 saint
1262 1264 1750 1275 .....................
1819 1238 1875 1273 ld.

659 1304 712 1337 De
730 1302 885 1338 Blideric
896 1303 958 1349 qui
971 1303 1102 1338 n’avait
1118 1315 1181 1350 pas
1193 1315 1237 1337 eu
1257 1301 1303 1337 de
1318 1302 1373 1337 fils
1380 1326 1750 1338 ...............
1806 1302 1875 1336 287

656 1368 771 1402 D’uue
786 1368 914 1402 femme
931 1368 1078 1415 aveugle
1094 1367 1183 1403 dans
1201 1368 1234 1402 le
1258 1367 1384 1414 village
1401 1367 1446 1402 de
1462 1367 1598 1402 Tornes
1603 1391 1749 1403 .......
1806 1366 1876 1402 289

657 1432 716 1465 Du
731 1431 1003 1467 retablissement
1019 1430 1127 1466 d’une
1143 1432 1237 1466 main
1250 1430 1436 1466 dessechfie
1453 1455 1751 1467 .............
1806 1431 1873 1465 291

654 1497 707 1530 De
721 1495 913 1531 Pinfirmite
929 1495 974 1531 de
986 1495 1204 1544 Baudkgisile
1208 1521 1764 1533 ........................
1817 1494 1875 1532 ld.

658 1561 753 1595 D'un
772 1561 918 1596 homme
935 1562 997 1607 qui
1012 1570 1213 1609 transporta
1232 1561 1278 1596 de
1295 1562 1329 1596 la
1351 1562 1422 1596 cire
1429 1586 1752 1598 ..............
1807 1561 1877 1596 293

656 1631 709 1664 De
725 1630 759 1664 la
775 1627 974 1664 delivrance
992 1628 1080 1664 d’un
1095 1627 1296 1674 prisonnier
1309 1653 1318 1663 .
1332 1653 1342 1662 .
1358 1653 1366 1662 .
1381 1653 1400 1662 ..
1406 1652 1751 1662 ...............
1807 1626 1879 1661 295

655 1696 751 1729 D’un
769 1694 890 1729 enfant
906 1695 1049 1741 aveugle
1050 1717 1752 1730 ..............................
1808 1691 1877 1726 297

659 1759 776 1794 D'une
788 1759 894 1806 jeune
914 1758 986 1794 fille
1002 1759 1145 1806 aveugle
1150 1782 1753 1794 ..........................
1808 1757 1878 1791 299

661 1824 755 1860 D’un
776 1824 920 1859 homme
940 1823 1126 1859 contrefait
1140 1831 1175 1858 et
1195 1823 1340 1870 aveugle
1357 1847 1752 1859 .................
1822 1821 1876 1858 Id.

660 1890 750 1924 Item
774 1888 862 1923 d'un
876 1897 978 1923 autre
993 1889 1137 1936 aveugle
1145 1913 1752 1924 ..........................
1809 1888 1875 1923 301

660 1955 729 1989 Des
744 1953 896 2002 eulog-ies
912 1954 1071 2000 qu’offrit
1087 1953 1285 1999 Motharius
1296 1981 1306 1999 ,
1326 1953 1466 2001 citoyen
1481 1951 1527 1987 de
1541 1953 1676 1987 Tours.
1689 1978 1699 1988 .
1713 1978 1722 1987 .
1737 1978 1745 1986 .
1817 1951 1873 1987 Id.

660 2018 756 2052 D’un
768 2018 912 2053 homme
926 2017 1112 2053 contrefait
1129 2018 1191 2065 qui
1206 2018 1260 2053 fut
1274 2016 1431 2053 redressae}
1434 2041 1749 2053 ..............
1805 2017 1874 2052 303

663 2083 716 2117 De
731 2083 764 2118 la
779 2083 943 2131 gufirison
956 2083 1064 2119 d’une
1077 2084 1204 2119 semme
1216 2084 1361 2131 aveugle
1377 2091 1411 2119 et
1429 2082 1517 2118 d’un
1530 2083 1673 2117 homme
1688 2081 1753 2116 im-

697 2157 821 2195 potent
835 2173 1732 2188 ......................................
1747 2159 1756 2168 ·
1820 2148 1877 2183 Id.

662 2216 713 2250 De
734 2216 768 2250 la
792 2217 955 2263 guerison
976 2215 1022 2252 de
1037 2217 1213 2264 plusieurs
1229 2217 1389 2264 aveugles
1403 2224 1438 2251 et
1453 2214 1617 2263 possed&
1625 2241 1753 2250 ......
1809 2216 1879 2251 305

660 2281 775 2316 D’une
786 2282 893 2329 jeune
906 2282 978 2317 fille
990 2283 1109 2330 gueirie
1124 2282 1170 2318 de
1184 2283 1218 2318 la
1235 2282 1343 2318 fievre
1347 2306 1750 2318 ..................
1821 2281 1876 2315 Id.

665 2347 735 2381 Des
751 2347 967 2394 prisonniers
988 2347 1138 2384 delivres
1145 2372 1754 2385 ..........................
1808 2347 1877 2381 307

659 2411 758 2447 Dela
775 2412 940 2459 gudrison
953 2411 1003 2448 du
1021 2414 1094 2449 serf
1101 2413 1275 2462 impetent
1289 2412 1335 2448 de
1350 2413 1504 2460 l'dveque
1519 2414 1553 2449 N
1554 2411 1757 2449 onnichius.
1808 2412 1877 2446 309

662 2477 716 2510 De
730 2476 765 2511 la
779 2475 886 2511 fievre
901 2476 947 2512 de
961 2478 1143 2522 Claudius,
1155 2478 1355 2513 chancelier
1370 2479 1470 2526 royal
1475 2502 1695 2514 ..........
1699 2498 1718 2511 -.
1732 2501 1743 2511 .
1757 2501 1766 2511 .
1820 2476 1877 2511 Id.

664 2543 717 2577 De
727 2554 767 2577 ce
778 2554 846 2589 que
854 2542 1020 2578 l'abbesse
1032 2545 1148 2591 Agna
1162 2543 1207 2578 de
1221 2543 1368 2580 Poitiers
1383 2544 1500 2592 apprit
1513 2543 1599 2578 d'un
1608 2544 1765 2582 batelier.
1821 2545 1877 2583 Id.

665 2605 735 2640 Des
749 2606 909 2641 miracles
924 2605 974 2641 du
992 2609 1188 2642 monastere
1203 2605 1248 2642 de
1256 2606 1388 2655 Liguge
1392 2632 1754 2644 ................
1810 2609 1873 2643 311

666 2671 782 2706 D’une
807 2683 932 2709 source
950 2671 1039 2708 dont
1062 2673 1095 2708 le
1123 2672 1214 2708 saint
1244 2672 1359 2707 obtint
1391 2673 1606 2707 l’ouverture
1640 2685 1705 2720 par
1725 2674 1760 2708 la

699 2738 813 2787 priere
818 2764 1753 2776 ........................................
1810 2741 1850 2775 31
1858 2742 1879 2775 5

667 2806 719 2840 De
734 2804 921 2840 l'incendie
938 2804 983 2841 de
1003 2805 1036 2841 la
1053 2805 1132 2841 ville
1145 2805 1188 2841 de
1207 2804 1354 2840 poitiers
1361 2830 1752 2842 .................
1809 2806 1876 2839 317
