2028 3458
426 232 503 271 324
643 231 708 268 DE
735 229 1029 270 VIRTUTIBUS
1057 232 1228 269 SANCTI
1257 230 1479 268 MARTINI.
1502 252 1552 258 —
1572 230 1636 268 IV.

942 408 1097 445 CAPUT
1126 410 1339 447 XXXVIII.

772 510 823 543 De
839 508 952 552 caecis,
970 510 1214 555 energumenis
1232 518 1265 544 et
1281 510 1493 558 paralyticis.

494 594 595 639 Non
616 601 723 656 post
744 592 918 639 multos
939 591 1056 652 dies,
1079 609 1189 639 cum
1213 592 1522 641 solemnitatis
1545 604 1717 641 sanctae
1739 594 1841 641 dies

423 686 612 716 annuus
629 669 920 728 recurrisset,
948 686 1037 715 nos
1059 685 1088 716 a
1109 675 1218 732 rege
1240 670 1454 734 regressi,
1481 670 1716 718 festivitati
1741 672 1840 736 ejus

422 746 678 807 adfuimus,
700 748 749 794 in
772 764 868 812 qua
884 757 1090 811 quatuor
1108 748 1217 794 caeci
1235 748 1414 795 lumine
1433 759 1625 813 recepto
1645 751 1839 814 regressi

421 836 554 886 sunt,
588 825 686 873 duo
718 826 1024 890 energumeni
1058 825 1301 886 mundati,
1332 826 1430 873 duo
1454 826 1696 891 paralytici
1726 844 1841 874 con-

421 905 573 963 tracti,
602 903 827 950 restitutis
843 902 1099 967 gressibus,
1125 903 1391 951 incolumes
1413 903 1673 951 redierunt.

943 1068 1096 1105 CAPUT
1120 1067 1294 1105 XXXIX.

902 1165 953 1198 De
974 1165 1156 1199 carceratis
1176 1164 1299 1199 laxatis
1307 1166 1316 1185 ¹
1325 1192 1332 1199 .

488 1260 599 1305 Post
632 1274 811 1322 paucos
847 1274 962 1304 vero
1004 1257 1106 1304 dies
1146 1274 1258 1303 cum
1293 1257 1557 1322 culpabiles
1602 1256 1838 1322 quosdam

420 1334 551 1382 urbis
587 1335 852 1396 Turonicae,
882 1335 1053 1399 judicis
1083 1335 1318 1382 sententia
1351 1335 1573 1383 carcerali
1604 1333 1839 1398 ergastulo

418 1412 746 1473 conclusisset,
773 1411 1143 1459 lamentantibus
1167 1413 1361 1474 vinctiS,
1387 1414 1535 1459 virtus
1566 1412 1694 1460 beati
1725 1429 1839 1459 con-

419 1490 607 1538 fessoris
621 1490 856 1555 apparuit,
874 1507 979 1554 quae
995 1489 1199 1555 diruptis
1215 1490 1414 1537 vinculis
1434 1490 1835 1555 compeditorum,

419 1566 595 1614 liberos
624 1567 673 1613 in
719 1566 960 1613 basilicam
996 1565 1126 1612 abire
1163 1567 1389 1631 permisit.
1435 1568 1607 1631 Sicque
1647 1577 1694 1614 et
1723 1566 1774 1613 hi
1813 1560 1839 1614 a

413 1644 577 1709 judice
599 1643 819 1704 relaxati,
846 1644 903 1691 ad
929 1646 1123 1709 propria
1148 1655 1455 1692 recesserunt.

1004 1805 1160 1839 CAPUT
1189 1805 1267 1839 XL.

942 1909 995 1943 De
1014 1909 1187 1944 Maurano
1206 1918 1318 1944 muto.

490 2000 696 2059 Quidam
719 2001 767 2047 in
790 2000 984 2064 regione
1006 2001 1287 2060 Cantabriae‚
1313 2003 1569 2049 Mauranus
1587 2005 1600 2027 '
1623 2004 1835 2061 nomine,

427 2091 564 2122 mane
586 2091 614 2122 a
637 2074 812 2121 lectulo
843 2091 1158 2139 consurgens,
1186 2076 1301 2122 dum
1327 2075 1387 2122 de
1412 2076 1560 2123 domo
1582 2077 1835 2141 egreditur,

424 2152 579 2199 visum
605 2162 675 2199 est
696 2153 739 2199 ei
762 2153 896 2216 quasi
924 2152 984 2199 ab
1007 2153 1167 2216 aliquo
1194 2170 1443 2217 percussus
1469 2153 1606 2200 fuerit
1628 2155 1675 2200 in
1697 2155 1841 2201 cervi·

423 2246 544 2277 cem.
566 2230 659 2287 Qui
679 2230 894 2294 protinus
913 2246 1056 2276 ruens
1074 2230 1121 2276 in
1143 2226 1334 2291 terram,
1360 2231 1506 2278 factus
1526 2242 1595 2278 est
1615 2241 1838 2296 tauquam

425 2318 659 2364 mortuus,
678 2324 732 2354 ac
755 2324 839 2371 per
867 2308 1077 2354 triduum
1099 2307 1203 2355 solo
1229 2308 1393 2373 spiritu
1417 2309 1598 2369 vivens,
1613 2319 1839 2374 tanquam

424 2394 642 2433 mortuus
663 2384 937 2450 putabatur.
962 2388 1139 2442 Quarta
1167 2395 1325 2432 autem
1344 2386 1438 2446 die,
1470 2388 1644 2452 apertis
1670 2387 1836 2445 oculis,

423 2463 539 2512 nihil
565 2472 748 2529 poterat
769 2463 920 2527 loqui.
948 2463 1108 2510 Ablata
1135 2464 1262 2510 enim
1291 2464 1332 2511 ei
1361 2464 1509 2511 suerat
1534 2464 1662 2511 fandi
1695 2464 1839 2511 facul-

478 2659 530 2704 (Ι)
554 2658 675 2704 2204,
701 2659 789 2692 Item
814 2657 861 2692 de
882 2660 1104 2692 carcerariis·
1121 2655 1309 2693 absolutis.

479 2721 531 2768 (2)
559 2718 791 2758 Cmtmbrina
811 2722 1000 2766 Auramts,
1022 2721 1141 2759 3801.
