2028 3458
440 220 516 258 352
800 222 867 258 DE
894 220 1079 259 GLORIA
1107 221 1476 263 CONFESSORUM.

439 324 605 369 causa,
640 325 745 373 quae
778 308 923 356 facilis
953 310 1002 356 in
1034 309 1205 356 saeculo
1239 310 1505 358 videbatur.
1548 312 1686 358 Sexta
1720 311 1850 358 enim

441 386 577 446 feria,
617 403 711 449 qua
752 386 1119 452 Redemptorem
1155 388 1321 434 mundi
1360 405 1553 454 passum
1595 389 1846 449 novimus,

439 464 573 526 aquis
594 462 723 509 ablui
743 473 900 527 caput.
930 484 952 507 »
978 463 1217 510 Recedens
1239 474 1396 511 autem
1418 463 1587 512 beatus
1608 466 1852 512 confessor

438 556 464 587 a
495 539 679 586 tumulo
715 540 936 603 virginis,
973 540 1036 586 ait
1070 541 1166 587 suis
1193 558 1202 587 ε
1244 561 1267 584 «
1295 543 1372 589 Vae
1401 541 1542 589 nobis
1571 544 1651 607 qui
1682 544 1728 589 in
1758 543 1852 590 hoc

440 616 622 663 mundo
650 617 927 665 versamur!
955 618 993 664 si
1020 618 1120 664 haec
1148 618 1282 681 virgo
1313 619 1499 666 Christo
1531 630 1709 667 sacrata
1740 619 1851 666 hinc

438 694 781 742 offendiculum
812 696 1000 753 meruit,
1038 695 1170 759 quod
1197 706 1326 744 sexta
1362 696 1475 744 feria
1501 697 1651 744 abluit
1682 707 1847 762 caput,

437 772 552 835 quid
576 788 665 818 nos
689 772 911 819 faciemus
942 789 1061 836 quos
1085 773 1300 837 quotidie
1327 773 1462 820 fallax
1495 775 1716 821 saeculum
1742 791 1851 839 pec·

437 865 544 895 care
568 849 822 913 persuadet
846 849 872 895 ἱ)
893 869 916 894 »
940 850 1085 897 Multa
1106 851 1246 897 etiam
1271 851 1319 896 in
1352 867 1410 897 eo
1441 851 1547 897 vico
1582 850 1654 897 vir
1684 850 1852 897 beatus

438 936 660 990 operatus
692 937 783 988 est,
818 944 921 992 quae
956 929 1140 992 insequi
1176 929 1372 991 longum
1409 929 1589 993 putavi.
1630 928 1852 990 Egressus

437 1013 597 1051 autem
619 1005 691 1051 vir
714 1006 800 1052 Dei
827 1006 886 1053 ab
911 1006 1196 1054 Arthonensi
1211 1008 1223 1030 ¹
1247 1007 1352 1053 vico
1367 1045 1378 1067 ,
1405 1005 1467 1052 ad
1491 1005 1659 1053 urbem
1684 1008 1853 1052 Arver-

438 1099 550 1130 nam
573 1100 784 1146 gressum
815 1084 1002 1131 direxit.
1031 1085 1285 1132 Audientes
1317 1094 1475 1132 autem
1504 1093 1743 1131 senatores
1768 1099 1853 1129 ur-

436 1160 527 1222 bis,
550 1162 631 1225 qui
651 1172 763 1209 tunc
783 1162 831 1208 in
851 1162 959 1209 loco
980 1162 1060 1209 illo
1084 1162 1342 1209 nobilitatis
1361 1164 1584 1208 Romanae
1607 1170 1852 1208 stemmate

436 1238 758 1303 refulgebant,
784 1239 915 1304 quod
940 1239 1114 1286 scilicet
1137 1241 1210 1286 vir
1234 1249 1423 1286 sanctus
1447 1239 1852 1304 appropinquaret

438 1315 560 1377 urbi,
586 1317 756 1379 egressi
787 1326 897 1363 sunt
929 1316 976 1362 in
1008 1333 1260 1363 occursum
1284 1317 1383 1380 ejus
1405 1332 1514 1362 cum
1539 1314 1775 1379 equitibus
1805 1324 1851 1361 et

439 1394 662 1453 carrucis,
703 1410 813 1440 cum
849 1393 1066 1440 curribus
1100 1403 1240 1458 atque
1276 1393 1467 1440 rhedis:
1509 1402 1556 1440 at
1592 1393 1668 1439 ille
1707 1391 1849 1439 asello

438 1471 710 1534 impositus,
747 1487 889 1535 super
927 1481 1125 1518 stratum
1160 1471 1439 1517 vilissimum
1473 1468 1709 1528 residens,
1739 1486 1851 1515 cum

438 1549 703 1595 advenisset
732 1548 781 1594 in
809 1564 1038 1595 cacumen
1072 1548 1248 1595 montis
1274 1548 1633 1603 Belenatensis²,
1667 1546 1727 1592 de
1750 1562 1849 1609 quo

439 1625 532 1671 vici
566 1626 945 1690 Ricomagensis³
975 1626 1148 1690 positio
1185 1625 1559 1690 contemplatur,
1602 1623 1718 1670 vidit
1758 1623 1846 1670 hos

438 1718 548 1749 cum
567 1702 639 1749 his
664 1704 852 1769 pompis
875 1704 935 1751 ad
959 1720 1008 1751 se
1031 1704 1272 1764 accedere,
1298 1704 1508 1767 dixitque
1535 1720 1545 1749 :
1570 1700 1738 1759 «Quid
1761 1700 1849 1747 sibi

440 1780 606 1827 volunt
638 1780 706 1842 hi,
747 1782 830 1846 qui
870 1780 1009 1828 nobis
1046 1798 1157 1828 cum
1192 1781 1287 1828 hoc
1322 1789 1553 1846 apparatu
1587 1778 1847 1844 appropin-

438 1857 622 1922 quant?
652 1877 674 1902 »
705 1858 962 1924 Respondit
986 1876 1107 1905 unus
1130 1859 1212 1923 qui
1236 1859 1367 1924 prior
1383 1866 1657 1914 accesserat,
1690 1874 1713 1899 «
1738 1855 1849 1919 quia

438 1944 675 1982 senatores
695 1937 887 1983 Arverni
907 1936 1105 1983 veniunt
1128 1936 1175 1982 in
1200 1952 1451 1983 occursum
1476 1935 1559 1982 tui.
1584 1952 1607 1978 »
1629 1932 1715 1979 Cui
1733 1932 1809 1978 ille
1834 1949 1843 1975 :

443 2032 465 2055 «
483 2015 587 2059 Non
609 2022 678 2059 est
693 2029 870 2072 meum,
888 2014 1056 2077 inquit,
1083 2022 1134 2060 ut
1152 2030 1261 2060 cum
1274 2013 1364 2060 hac
1378 2009 1849 2074 jactantiaingrediar

438 2090 487 2136 in
519 2090 686 2137 urbem
712 2107 895 2138 eorum.
933 2112 954 2134 »
980 2094 1036 2137 Et
1070 2091 1318 2138 confestim
1336 2126 1347 2148 ,
1376 2098 1552 2136 retorto
1591 2097 1847 2134 retrorsum

439 2167 566 2213 aselli
594 2167 745 2227 freno,
778 2169 900 2214 viam
936 2184 1029 2232 qua
1066 2176 1258 2214 venerat
1289 2165 1470 2229 regredi
1499 2165 1657 2229 coepit.
1696 2167 1750 2209 At
1783 2163 1847 2209 illi

439 2254 805 2308 consequentes,
835 2261 946 2291 eum
976 2245 1249 2310 suppliciter
1278 2242 1685 2308 deprecabantur,
1712 2251 1763 2287 ut
1788 2240 1848 2287 ad

441 2319 608 2367 urbem
632 2321 892 2376 accederet,
921 2322 1130 2369 dicentes
1157 2339 1167 2367 :
1199 2340 1220 2364 «
1253 2320 1528 2366 Audivimus
1548 2319 1718 2366 famam
1744 2334 1849 2365 san·

494 2547 547 2594 (1)
568 2543 668 2583 Editi
693 2548 898 2582 Artanensi
915 2547 994 2593 (R.)
1013 2565 1067 2574 —
1086 2546 1207 2591 2204,
1225 2546 1327 2582 2205
1347 2544 1609 2580 Arethonense.

468 2654 471 2657 7
493 2614 549 2661 (2)
565 2611 625 2650 Sic
645 2610 765 2649 dictus
784 2625 805 2649 a
833 2611 972 2649 Beleno
991 2610 1084 2656 deo,
1106 2609 1144 2647 id
1169 2618 1225 2647 est
1250 2609 1446 2661 Apolline,
1470 2622 1582 2660 quein
1609 2606 1846 2659 potissimum

441 2674 539 2712 Galli
559 2673 851 2714 venerabantur.
873 2676 950 2723 (R.)
973 2695 1022 2702 —
1043 2674 1139 2711 2791
1157 2704 1166 2720 ,
1190 2673 1471 2711 Belleuatcnsis,

494 2742 546 2789 (3)
571 2741 850 2792 Rigomagensis
872 2742 998 2786 2204,
1022 2742 1141 2788 2791,
1164 2740 1280 2778 5329.
