2028 3458
658 437 938 493 GEORGII
977 430 1341 487 FLORENTII
1381 427 1710 480 GREGORII

1022 585 1336 620 Tnnomzsu.

1139 738 1217 782 DE

519 833 1047 952 mmmmm
1096 871 1410 943 SANcrl
1460 870 1837 940 MARTINI

1037 1036 1318 1075 EPISCOPI.

895 1394 1116 1454 LIBER
1179 1389 1483 1452 PRIMUS.

1095 1565 1269 1573 —-——

978 1692 1385 1746 PROLOGUS.

545 1833 761 1880 Dominis
783 1832 979 1891 sanctis,
996 1841 1043 1878 et
1063 1833 1112 1878 in
1133 1831 1305 1878 Christi
1323 1847 1486 1878 amore
1504 1829 1786 1877 dulcissimis
1809 1826 1897 1874 fra—

482 1910 630 1957 tribus
667 1927 721 1958 ac
759 1910 865 1956 filiis
898 1909 1103 1957 ecclesiae
1134 1909 1381 1956 Turonicae
1415 1907 1534 1955 mihi
1570 1924 1599 1955 a
1630 1910 1732 1954 Deo
1764 1923 1896 1953 com-

482 1989 631 2034 missae
647 2024 659 2048 ‚
684 1988 939 2052 Gregorius
961 1998 1199 2052 peccator.

548 2067 770 2115 Miracula
791 2066 870 2113 illa
890 2083 993 2129 quae
1015 2066 1238 2129 dominus
1257 2068 1386 2112 Deus
1418 2074 1577 2111 noster
1598 2079 1683 2128 per
1704 2061 1898 2109 beatum

483 2144 737 2190 Martinum
756 2144 1009 2191 antistitem
1030 2161 1169 2191 suum
1190 2144 1240 2190 in
1261 2159 1463 2208 corpore
1481 2142 1690 2207 positum
1711 2139 1899 2205 operari

484 2220 700 2283 dignatus
730 2230 825 2279 est,
848 2220 1058 2284 quotidie
1086 2220 1147 2268 ad
1176 2218 1588 2267 corroborandam
1618 2218 1762 2264 fidem
1798 2233 1900 2263 cre-

485 2297 698 2344 dentium
723 2297 1005 2346 confirmare
1025 2299 1260 2361 dignatur.
1290 2298 1371 2345 Ille
1395 2314 1524 2344 nunc
1546 2312 1784 2345 exornans
1802 2296 1901 2341 vir-

484 2374 661 2421 tutibus
697 2376 796 2439 ejus
829 2376 1088 2437 tumulum,
1126 2377 1207 2440 qui
1246 2377 1294 2422 in
1333 2393 1391 2422 eo
1429 2384 1652 2440 operatus
1686 2383 1755 2420 est
1790 2390 1901 2419 cum

486 2463 604 2499 esset
620 2454 666 2499 in
687 2454 869 2500 mundo
883 2492 895 2515 ‚
912 2465 959 2501 et
982 2455 1058 2501 ille
1077 2454 1255 2519 praebet
1270 2471 1356 2519 per
1372 2471 1482 2501 eum
1511 2451 1743 2500 beneficia
1760 2451 1903 2497 cbris-

487 2531 651 2590 nanis,
692 2532 771 2594 qui
811 2532 934 2577 misit
969 2542 1083 2579 tunc
1124 2534 1371 2597 praesulem
1407 2532 1627 2596 gentibus
1663 2530 1897 2595 perituris.

486 2610 634 2653 Nemo
657 2625 769 2671 ergo
794 2609 852 2655 de
874 2611 1098 2657 anteactis
1123 2610 1373 2657 virtutibus
1404 2610 1588 2657 dubitet
1604 2647 1615 2669 ,
1645 2625 1756 2655 cum
1785 2624 1900 2672 pra’-

484 2685 687 2757 sentium
718 2687 960 2749 signorum
992 2689 1141 2734 cernit
1165 2705 1363 2735 munera
1385 2687 1675 2753 dispensari,
1699 2702 1809 2733 cum
1834 2685 1901 2730 vi-

484 2762 563 2810 det
580 2763 775 2811 claudos
798 2766 928 2828 erigi,
948 2784 1095 2814 caecos
1120 2766 1399 2828 illuminari,
1423 2766 1662 2814 daemones
1680 2762 1898 2827 effugari,
