2028 3458
449 270 525 306 372
855 269 922 305 DE
950 267 1141 306 GLORIA
1168 268 1538 308 CONFESSORUM.
1592 283 1605 295 ¹·

447 356 730 423 puellarum,
756 372 814 402 eo
834 355 966 420 quod
990 355 1038 402 in
1070 355 1218 404 domo
1253 368 1523 422 parentum,
1549 358 1674 405 curis
1706 357 1862 404 saeculi

446 432 832 500 impedientibus,
875 435 978 480 Deo
1018 434 1192 482 servire
1225 451 1324 482 non
1357 445 1543 500 posset3
1576 445 1622 483 et
1657 434 1725 482 illi
1764 453 1860 501 prae

444 526 607 558 amore
644 511 829 558 nollent
859 526 965 558 eam
1001 527 1030 558 a
1061 527 1111 559 se
1150 512 1381 576 separari,
1423 513 1633 560 totondit
1671 529 1857 560 comam

445 589 610 653 capitis
631 589 720 646 sui,
750 588 1011 653 indutaque
1030 588 1152 636 virili
1174 588 1359 649 habitu,
1384 589 1668 638 Turonicam
1684 589 1862 638 dioece-

444 668 531 715 sim
554 667 739 726 adiens,
766 668 813 714 in
842 667 1258 731 congregationem
1286 684 1336 714 se
1367 668 1568 715 contulit
1591 667 1860 715 monacho-

443 763 574 806 rum3
598 745 762 810 ibique
783 745 833 792 in
854 745 1046 808 jejuniis
1069 745 1460 810 orationibusque
1488 745 1688 810 degens,
1715 749 1860 794 virtu·
1911 736 1926 751 ⁶

439 822 566 870 tibus
587 823 813 888 deinceps
835 823 996 870 multis
1016 823 1225 870 emicuit.
1252 826 1362 871 Erat
1387 824 1515 871 enim
1539 834 1766 888 tanquam
1787 824 1860 870 vir

439 901 562 948 inter
577 901 723 961 viros,
746 917 836 948 nec
860 901 943 948 ulli
963 911 1062 948 erat
1089 901 1309 966 cognitus
1331 918 1470 949 sexus
1493 903 1611 966 ejus.
1637 905 1859 949 Parentes

438 988 598 1026 autem
618 979 912 1043 requirentes
934 995 1058 1039 eam,
1079 995 1328 1043 nunquam
1346 980 1554 1045 reperire
1579 988 1854 1045 potuerunt.
1921 1016 1929 1020 ..

438 1057 632 1103 Interim
652 1055 824 1104 abbate
850 1057 1127 1104 monasterii
1151 1057 1212 1103 ad
1236 1057 1369 1121 quod
1390 1066 1586 1105 venerat
1607 1057 1856 1116 defuncto,

439 1135 663 1182 monachi
687 1145 884 1201 propter
903 1136 1101 1183 virtutes
1124 1135 1335 1183 assiduas
1354 1134 1481 1183 hanc
1504 1135 1700 1199 eligunt,
1723 1135 1859 1198 igno-

437 1222 597 1261 rantes
619 1230 786 1261 sexum
803 1247 815 1269 ‚
841 1212 973 1277 quod
997 1212 1076 1260 illa
1104 1214 1214 1260 totis
1244 1212 1423 1261 viribus
1451 1213 1624 1260 renuit.
1652 1212 1858 1276 Triginta

436 1301 599 1339 autem
620 1308 774 1339 annos
797 1292 846 1338 in
883 1291 1173 1338 monasterio
1198 1291 1284 1338 suit
1317 1308 1346 1339 a
1378 1291 1511 1338 nullo
1546 1291 1706 1354 agnita
1740 1289 1858 1354 quid

437 1379 574 1417 esset.
602 1372 718 1416 Ante
738 1368 932 1415 tertium
958 1378 1116 1416 autem
1142 1368 1271 1415 diem
1295 1385 1439 1432 quam
1470 1367 1531 1415 ab
1552 1367 1647 1414 hoc
1670 1366 1855 1413 mundo

437 1448 674 1510 migraret,
701 1446 749 1492 id
789 1446 1037 1493 monachis
1074 1446 1318 1511 patefecit;
1345 1455 1390 1493 et
1421 1446 1487 1493 sic
1515 1445 1754 1501 defuncta,
1794 1443 1855 1491 ab

433 1525 536 1572 aliis
560 1523 839 1571 mulieribus
862 1523 1039 1585 abluta,
1063 1523 1246 1588 sepulta
1271 1533 1356 1583 est,
1384 1523 1544 1570 multis
1563 1539 1612 1569 se
1632 1522 1857 1585 deinceps

433 1602 688 1651 virtutibus
714 1601 1018 1649 manifestans
1041 1618 1141 1649 esse
1174 1601 1395 1648 ancillam
1421 1601 1524 1648 Dei.
1554 1603 1671 1647 Nam
1706 1609 1751 1646 et
1776 1599 1854 1645 sri-

434 1680 635 1744 goritici,
666 1690 713 1727 et
736 1679 840 1727 aliis
862 1679 1043 1727 morbis
1066 1679 1306 1744 oppressi,
1332 1695 1454 1745 saepe
1477 1677 1538 1726 ad
1567 1678 1668 1741 ejus
1692 1686 1854 1724 tumu-

432 1757 535 1806 lum
556 1758 744 1807 sanitati
765 1756 1049 1806 redduntur.

992 1961 1147 2001 CAPUT
1178 1960 1299 1996 XVII.

824 2057 876 2091 De
892 2055 1072 2104 opertorio
1092 2054 1276 2104 enjusdam
1291 2055 1457 2101 sepulcri.

500 2163 552 2206 ln
587 2159 681 2206 alio
715 2168 875 2206 autem
914 2174 1035 2222 pago
1063 2159 1299 2205 Turonico
1337 2167 1436 2204 erat
1469 2156 1592 2202 inter
1614 2172 1781 2221 vepres
1804 2165 1851 2203 et

435 2236 581 2284 rubos
602 2235 874 2301 sepulcrum
908 2237 1148 2300 positum,
1176 2236 1224 2282 in
1259 2252 1357 2299 quo
1395 2233 1633 2281 ferebatur
1668 2235 1852 2299 episco-

434 2331 551 2381 pum
579 2313 840 2378 quemdam
866 2313 1004 2360 fuisse
1030 2313 1298 2379 sepultum:
1336 2329 1514 2359 nomen
1548 2312 1847 2375 ignorabant.

433 2392 641 2455 Contigit
665 2406 778 2437 vero
802 2399 852 2436 ut
877 2390 1124 2453 cujusdam
1156 2390 1378 2455 pauperis
1407 2389 1530 2436 filius
1567 2400 1848 2437 moreretur.

434 2471 542 2526 Quo
567 2467 771 2533 sepulto,
807 2484 917 2514 cum
947 2477 1082 2532 pater
1113 2468 1409 2532 opertorium
1435 2466 1715 2532 sarcophagi
1753 2484 1850 2515 non

433 2545 687 2605 inveniret,
714 2544 775 2592 ad
805 2544 934 2591 hunc
961 2545 1121 2592 locum
1150 2546 1367 2606 accessit,
1398 2544 1653 2609 ablatoque
1675 2544 1735 2592 de
1758 2545 1852 2592 hoc

433 2622 653 2687 sepulcro
673 2622 982 2688 cooperculo,
1007 2622 1137 2686 quod
1158 2632 1254 2670 tam
1277 2623 1485 2670 immane
1509 2632 1609 2669 erat
1632 2632 1682 2668 ut
1700 2622 1852 2670 tribus

433 2691 686 2748 duceretur
711 2699 902 2766 paribus
924 2698 1095 2760 boum,
1125 2701 1237 2748 texit
1258 2700 1595 2766 corpusculum
1621 2699 1699 2747 filii
1726 2701 1851 2747 furto

433 2777 623 2826 alterius
653 2777 875 2842 sepulcri.
902 2778 1044 2835 Quod
1066 2795 1176 2826 cum
1201 2779 1405 2838 fecisset,
1433 2777 1632 2834 surdus,
1661 2787 1848 2838 mutus,
