<?xml version="1.0" encoding="UTF-8"?>
<!DOCTYPE html PUBLIC "-//W3C//DTD XHTML 1.0 Transitional//EN"
    "http://www.w3.org/TR/xhtml1/DTD/xhtml1-transitional.dtd">
<html xmlns="http://www.w3.org/1999/xhtml" xml:lang="en" lang="en">
 <head>
  <title>
</title>
<meta http-equiv="Content-Type" content="text/html;charset=utf-8" />
  <meta name='ocr-system' content='tesseract 3.04.00' />
  <meta name='ocr-capabilities' content='ocr_page ocr_carea ocr_par ocr_line ocrx_word'/>
</head>
<body>
  <div class='ocr_page' id='page_1' title='image "./leslivresdesmira02greguoft_0422.png"; bbox 0 0 2028 3458; ppageno 0'>
   <div class='ocr_carea' id='block_1_1' title="bbox 408 276 1449 320">
    <p class='ocr_par' dir='ltr' id='par_1_1' title="bbox 408 276 1449 320">
     <span class='ocr_line' id='line_1_1' title="bbox 408 276 1449 320; baseline -0.007 0"><span class='ocrx_word' id='word_1_1' title='bbox 408 282 484 320; x_wconf 70' lang='lat'>406</span> <span class='ocrx_word' id='word_1_2' title='bbox 775 279 846 316; x_wconf 68' lang='lat' dir='ltr'>Da</span> <span class='ocrx_word' id='word_1_3' title='bbox 868 276 1055 314; x_wconf 84' lang='lat' dir='ltr'>GLORIA</span> <span class='ocrx_word' id='word_1_4' title='bbox 1083 276 1449 315; x_wconf 78' lang='lat' dir='ltr'>CONFESSORUM.</span> 
     </span>
    </p>
   </div>
   <div class='ocr_carea' id='block_1_2' title="bbox 407 363 1832 1285">
    <p class='ocr_par' dir='ltr' id='par_1_2' title="bbox 407 363 1832 1285">
     <span class='ocr_line' id='line_1_2' title="bbox 410 363 1821 433; baseline -0.005 -16"><span class='ocrx_word' id='word_1_5' title='bbox 410 386 523 417; x_wconf 86' lang='lat' dir='ltr'>num</span> <span class='ocrx_word' id='word_1_6' title='bbox 549 368 681 433; x_wconf 90' lang='lat' dir='ltr'>quod</span> <span class='ocrx_word' id='word_1_7' title='bbox 704 369 828 414; x_wconf 85' lang='lat' dir='ltr'>iuter</span> <span class='ocrx_word' id='word_1_8' title='bbox 849 382 931 413; x_wconf 88' lang='lat' dir='ltr'>eos</span> <span class='ocrx_word' id='word_1_9' title='bbox 960 376 1267 424; x_wconf 87' lang='lat' dir='ltr'>convenerat,</span> <span class='ocrx_word' id='word_1_10' title='bbox 1293 366 1484 413; x_wconf 88' lang='lat' dir='ltr'>elevatis</span> <span class='ocrx_word' id='word_1_11' title='bbox 1513 363 1735 412; x_wconf 89' lang='lat' dir='ltr'>manibus</span> <span class='ocrx_word' id='word_1_12' title='bbox 1759 363 1821 410; x_wconf 88' lang='lat' dir='ltr'>ad</span> 
     </span>
     <span class='ocr_line' id='line_1_3' title="bbox 409 441 1823 510; baseline -0.004 -16"><span class='ocrx_word' id='word_1_13' title='bbox 409 447 600 506; x_wconf 85' lang='lat' dir='ltr'>coelum,</span> <span class='ocrx_word' id='word_1_14' title='bbox 626 444 791 510; x_wconf 85' lang='lat' dir='ltr'>pandit</span> <span class='ocrx_word' id='word_1_15' title='bbox 821 444 982 490; x_wconf 90' lang='lat' dir='ltr'>dicens</span> <span class='ocrx_word' id='word_1_16' title='bbox 1005 461 1015 489; x_wconf 91' lang='lat'>:</span> <span class='ocrx_word' id='word_1_17' title='bbox 1046 443 1267 490; x_wconf 75' lang='lat' dir='ltr'><strong>«Gratias</strong></span> <span class='ocrx_word' id='word_1_18' title='bbox 1288 442 1393 502; x_wconf 84' lang='lat' dir='ltr'>tibi,</span> <span class='ocrx_word' id='word_1_19' title='bbox 1421 459 1581 490; x_wconf 89' lang='lat' dir='ltr'>rerum</span> <span class='ocrx_word' id='word_1_20' title='bbox 1605 441 1823 489; x_wconf 88' lang='lat' dir='ltr'>omnium</span> 
     </span>
     <span class='ocr_line' id='line_1_4' title="bbox 409 519 1823 587; baseline -0.006 -15"><span class='ocrx_word' id='word_1_21' title='bbox 409 524 590 583; x_wconf 80' lang='lat' dir='ltr'>artifex,</span> <span class='ocrx_word' id='word_1_22' title='bbox 612 540 703 587; x_wconf 87' lang='lat' dir='ltr'>ago</span> <span class='ocrx_word' id='word_1_23' title='bbox 720 522 854 587; x_wconf 89' lang='lat' dir='ltr'>quod</span> <span class='ocrx_word' id='word_1_24' title='bbox 877 522 998 568; x_wconf 90' lang='lat' dir='ltr'>sicut</span> <span class='ocrx_word' id='word_1_25' title='bbox 1023 521 1140 567; x_wconf 88' lang='lat' dir='ltr'>mihi</span> <span class='ocrx_word' id='word_1_26' title='bbox 1172 537 1278 568; x_wconf 87' lang='lat' dir='ltr'>eam</span> <span class='ocrx_word' id='word_1_27' title='bbox 1298 520 1638 568; x_wconf 87' lang='lat' dir='ltr'>commendare</span> <span class='ocrx_word' id='word_1_28' title='bbox 1661 519 1823 583; x_wconf 85' lang='lat' dir='ltr'>digna·</span> 
     </span>
     <span class='ocr_line' id='line_1_5' title="bbox 410 596 1824 662; baseline -0.004 -13"><span class='ocrx_word' id='word_1_29' title='bbox 410 612 483 649; x_wconf 91' lang='lat' dir='ltr'>tus</span> <span class='ocrx_word' id='word_1_30' title='bbox 508 619 574 660; x_wconf 90' lang='lat' dir='ltr'>es,</span> <span class='ocrx_word' id='word_1_31' title='bbox 606 602 668 648; x_wconf 91' lang='lat' dir='ltr'>ita</span> <span class='ocrx_word' id='word_1_32' title='bbox 698 600 783 647; x_wconf 91' lang='lat' dir='ltr'>tibi</span> <span class='ocrx_word' id='word_1_33' title='bbox 820 599 1007 646; x_wconf 86' lang='lat' dir='ltr'>reddidi</span> <span class='ocrx_word' id='word_1_34' title='bbox 1047 598 1107 645; x_wconf 88' lang='lat' dir='ltr'>ab</span> <span class='ocrx_word' id='word_1_35' title='bbox 1144 598 1278 645; x_wconf 91' lang='lat' dir='ltr'>omni</span> <span class='ocrx_word' id='word_1_36' title='bbox 1318 598 1572 662; x_wconf 88' lang='lat' dir='ltr'>voluptatis</span> <span class='ocrx_word' id='word_1_37' title='bbox 1603 596 1824 660; x_wconf 86' lang='lat' dir='ltr'>contagio</span> 
     </span>
     <span class='ocr_line' id='line_1_6' title="bbox 410 675 1827 744; baseline -0.004 -18"><span class='ocrx_word' id='word_1_38' title='bbox 410 680 767 744; x_wconf 87' lang='lat' dir='ltr'>impollutam.»</span> <span class='ocrx_word' id='word_1_39' title='bbox 795 682 848 725; x_wconf 84' lang='lat' dir='ltr'>At</span> <span class='ocrx_word' id='word_1_40' title='bbox 880 678 958 725; x_wconf 92' lang='lat' dir='ltr'>illa</span> <span class='ocrx_word' id='word_1_41' title='bbox 995 677 1265 738; x_wconf 83' lang='lat' dir='ltr'><strong>subridens,</strong></span> <span class='ocrx_word' id='word_1_42' title='bbox 1303 677 1365 724; x_wconf 83' lang='lat' dir='ltr'>ait</span> <span class='ocrx_word' id='word_1_43' title='bbox 1391 695 1401 723; x_wconf 74' lang='grc' dir='ltr'><strong><em>ε</em></strong></span> <span class='ocrx_word' id='word_1_44' title='bbox 1433 676 1588 734; x_wconf 90' lang='lat' dir='ltr'>«Sile,</span> <span class='ocrx_word' id='word_1_45' title='bbox 1625 676 1725 734; x_wconf 87' lang='lat' dir='ltr'>sile,</span> <span class='ocrx_word' id='word_1_46' title='bbox 1753 675 1827 721; x_wconf 89' lang='lat' dir='ltr'>vir</span> 
     </span>
     <span class='ocr_line' id='line_1_7' title="bbox 407 753 1827 820; baseline -0.003 -17"><span class='ocrx_word' id='word_1_47' title='bbox 407 757 511 817; x_wconf 87' lang='lat' dir='ltr'>Dei,</span> <span class='ocrx_word' id='word_1_48' title='bbox 535 757 648 820; x_wconf 87' lang='lat' dir='ltr'>quia</span> <span class='ocrx_word' id='word_1_49' title='bbox 671 773 769 803; x_wconf 87' lang='lat' dir='ltr'>non</span> <span class='ocrx_word' id='word_1_50' title='bbox 795 766 866 803; x_wconf 90' lang='lat' dir='ltr'>est</span> <span class='ocrx_word' id='word_1_51' title='bbox 888 771 1077 803; x_wconf 90' lang='lat' dir='ltr'>necesse</span> <span class='ocrx_word' id='word_1_52' title='bbox 1105 765 1156 802; x_wconf 90' lang='lat' dir='ltr'>ut</span> <span class='ocrx_word' id='word_1_53' title='bbox 1178 754 1364 802; x_wconf 86' lang='lat' dir='ltr'>fatearis</span> <span class='ocrx_word' id='word_1_54' title='bbox 1395 763 1612 801; x_wconf 88' lang='lat' dir='ltr'>nostrum</span> <span class='ocrx_word' id='word_1_55' title='bbox 1636 753 1827 799; x_wconf 89' lang='lat' dir='ltr'>nemine</span> 
     </span>
     <span class='ocr_line' id='line_1_8' title="bbox 408 829 1826 897; baseline -0.004 -17"><span class='ocrx_word' id='word_1_56' title='bbox 408 835 728 897; x_wconf 83' lang='lat' dir='ltr'>interrogante</span> <span class='ocrx_word' id='word_1_57' title='bbox 751 843 1001 881; x_wconf 89' lang='lat' dir='ltr'>secretum.</span> <span class='ocrx_word' id='word_1_58' title='bbox 1037 855 1058 876; x_wconf 73' lang='lat' dir='ltr'>n</span> <span class='ocrx_word' id='word_1_59' title='bbox 1088 836 1198 879; x_wconf 83' lang='lat' dir='ltr'>Post</span> <span class='ocrx_word' id='word_1_60' title='bbox 1232 832 1332 879; x_wconf 85' lang='lat' dir='ltr'>haec</span> <span class='ocrx_word' id='word_1_61' title='bbox 1364 831 1555 878; x_wconf 88' lang='lat' dir='ltr'>obtecta</span> <span class='ocrx_word' id='word_1_62' title='bbox 1580 829 1826 895; x_wconf 90' lang='lat' dir='ltr'>opertorio</span> 
     </span>
     <span class='ocr_line' id='line_1_9' title="bbox 410 907 1829 977; baseline -0.004 -19"><span class='ocrx_word' id='word_1_63' title='bbox 410 912 615 959; x_wconf 81' lang='lat' dir='ltr'>recessit.</span> <span class='ocrx_word' id='word_1_64' title='bbox 644 915 750 959; x_wconf 90' lang='lat' dir='ltr'>Non</span> <span class='ocrx_word' id='word_1_65' title='bbox 772 921 881 976; x_wconf 91' lang='lat' dir='ltr'>post</span> <span class='ocrx_word' id='word_1_66' title='bbox 903 911 1106 958; x_wconf 88' lang='lat' dir='ltr'>multum</span> <span class='ocrx_word' id='word_1_67' title='bbox 1129 927 1244 958; x_wconf 85' lang='lat' dir='ltr'>vero</span> <span class='ocrx_word' id='word_1_68' title='bbox 1266 920 1455 974; x_wconf 87' lang='lat' dir='ltr'>tempus</span> <span class='ocrx_word' id='word_1_69' title='bbox 1474 918 1522 977; x_wconf 69' lang='lat' dir='ltr'>et</span> <span class='ocrx_word' id='word_1_70' title='bbox 1540 909 1639 973; x_wconf 90' lang='lat' dir='ltr'>ipse</span> <span class='ocrx_word' id='word_1_71' title='bbox 1661 907 1829 970; x_wconf 83' lang='lat' dir='ltr'>migra-</span> 
     </span>
     <span class='ocr_line' id='line_1_10' title="bbox 408 988 1827 1054; baseline -0.004 -19"><span class='ocrx_word' id='word_1_72' title='bbox 408 989 474 1036; x_wconf 87' lang='lat' dir='ltr'>vit</span> <span class='ocrx_word' id='word_1_73' title='bbox 492 1006 518 1035; x_wconf 90' lang='lat' dir='ltr'>a</span> <span class='ocrx_word' id='word_1_74' title='bbox 542 990 731 1049; x_wconf 68' lang='lat' dir='ltr'>saeculo,</span> <span class='ocrx_word' id='word_1_75' title='bbox 758 989 1063 1054; x_wconf 85' lang='lat' dir='ltr'>sepultusque</span> <span class='ocrx_word' id='word_1_76' title='bbox 1079 998 1149 1036; x_wconf 91' lang='lat' dir='ltr'>est</span> <span class='ocrx_word' id='word_1_77' title='bbox 1173 989 1221 1036; x_wconf 90' lang='lat' dir='ltr'>in</span> <span class='ocrx_word' id='word_1_78' title='bbox 1249 988 1357 1035; x_wconf 91' lang='lat' dir='ltr'>loco</span> <span class='ocrx_word' id='word_1_79' title='bbox 1374 1003 1477 1034; x_wconf 92' lang='lat' dir='ltr'>suo.</span> <span class='ocrx_word' id='word_1_80' title='bbox 1509 989 1651 1032; x_wconf 85' lang='lat' dir='ltr'>Erant</span> <span class='ocrx_word' id='word_1_81' title='bbox 1671 995 1827 1032; x_wconf 87' lang='lat' dir='ltr'>autem</span> 
     </span>
     <span class='ocr_line' id='line_1_11' title="bbox 408 1063 1831 1131; baseline -0.004 -18"><span class='ocrx_word' id='word_1_82' title='bbox 408 1068 454 1113; x_wconf 92' lang='lat' dir='ltr'>in</span> <span class='ocrx_word' id='word_1_83' title='bbox 474 1083 569 1114; x_wconf 85' lang='lat' dir='ltr'>una</span> <span class='ocrx_word' id='word_1_84' title='bbox 586 1067 781 1131; x_wconf 88' lang='lat' dir='ltr'>quidem</span> <span class='ocrx_word' id='word_1_85' title='bbox 795 1066 1006 1126; x_wconf 88' lang='lat' dir='ltr'>basilica,</span> <span class='ocrx_word' id='word_1_86' title='bbox 1028 1066 1112 1113; x_wconf 91' lang='lat' dir='ltr'>sed</span> <span class='ocrx_word' id='word_1_87' title='bbox 1128 1083 1154 1113; x_wconf 91' lang='lat' dir='ltr'>e</span> <span class='ocrx_word' id='word_1_88' title='bbox 1168 1066 1364 1113; x_wconf 90' lang='lat' dir='ltr'>diversis</span> <span class='ocrx_word' id='word_1_89' title='bbox 1378 1063 1635 1129; x_wconf 84' lang='lat' dir='ltr'>parietibus</span> <span class='ocrx_word' id='word_1_90' title='bbox 1652 1072 1831 1109; x_wconf 89' lang='lat' dir='ltr'>utrum-</span> 
     </span>
     <span class='ocr_line' id='line_1_12' title="bbox 409 1140 1832 1208; baseline -0.004 -17"><span class='ocrx_word' id='word_1_91' title='bbox 409 1160 502 1207; x_wconf 87' lang='lat' dir='ltr'>que</span> <span class='ocrx_word' id='word_1_92' title='bbox 524 1144 796 1208; x_wconf 86' lang='lat' dir='ltr'>sepulcrum</span> <span class='ocrx_word' id='word_1_93' title='bbox 817 1143 1111 1202; x_wconf 84' lang='lat' dir='ltr'>habebatur3</span> <span class='ocrx_word' id='word_1_94' title='bbox 1141 1153 1188 1190; x_wconf 90' lang='lat' dir='ltr'>et</span> <span class='ocrx_word' id='word_1_95' title='bbox 1211 1159 1362 1189; x_wconf 90' lang='lat' dir='ltr'>unum</span> <span class='ocrx_word' id='word_1_96' title='bbox 1384 1141 1582 1206; x_wconf 85' lang='lat' dir='ltr'>quidem</span> <span class='ocrx_word' id='word_1_97' title='bbox 1603 1140 1663 1188; x_wconf 87' lang='lat' dir='ltr'>ad</span> <span class='ocrx_word' id='word_1_98' title='bbox 1690 1140 1832 1186; x_wconf 90' lang='lat' dir='ltr'>meri-</span> 
     </span>
     <span class='ocr_line' id='line_1_13' title="bbox 412 1219 1829 1285; baseline -0.004 -15"><span class='ocrx_word' id='word_1_99' title='bbox 412 1222 556 1282; x_wconf 85' lang='lat' dir='ltr'>diem,</span> <span class='ocrx_word' id='word_1_100' title='bbox 603 1222 804 1270; x_wconf 88' lang='lat' dir='ltr'>alterum</span> <span class='ocrx_word' id='word_1_101' title='bbox 851 1222 908 1269; x_wconf 91' lang='lat' dir='ltr'>ad</span> <span class='ocrx_word' id='word_1_102' title='bbox 947 1221 1238 1285; x_wconf 84' lang='lat' dir='ltr'>aquilonem.</span> <span class='ocrx_word' id='word_1_103' title='bbox 1287 1222 1426 1267; x_wconf 88' lang='lat' dir='ltr'>Mane</span> <span class='ocrx_word' id='word_1_104' title='bbox 1472 1229 1630 1267; x_wconf 89' lang='lat' dir='ltr'>autem</span> <span class='ocrx_word' id='word_1_105' title='bbox 1689 1219 1829 1278; x_wconf 85' lang='lat' dir='ltr'>factO‚</span> 
     </span>
    </p>
   </div>
   <div class='ocr_carea' id='block_1_3' title="bbox 412 1295 1835 1512">
    <p class='ocr_par' dir='ltr' id='par_1_3' title="bbox 412 1295 1835 1512">
     <span class='ocr_line' id='line_1_14' title="bbox 412 1295 1833 1363; baseline -0.004 -17"><span class='ocrx_word' id='word_1_106' title='bbox 412 1300 605 1346; x_wconf 90' lang='lat' dir='ltr'>inventa</span> <span class='ocrx_word' id='word_1_107' title='bbox 632 1308 742 1345; x_wconf 89' lang='lat' dir='ltr'>sunt</span> <span class='ocrx_word' id='word_1_108' title='bbox 767 1298 941 1363; x_wconf 86' lang='lat' dir='ltr'>pariter</span> <span class='ocrx_word' id='word_1_109' title='bbox 975 1313 1076 1344; x_wconf 91' lang='lat' dir='ltr'>esse</span> <span class='ocrx_word' id='word_1_110' title='bbox 1111 1297 1346 1362; x_wconf 87' lang='lat' dir='ltr'>sepulcra,</span> <span class='ocrx_word' id='word_1_111' title='bbox 1379 1313 1484 1360; x_wconf 84' lang='lat' dir='ltr'>quae</span> <span class='ocrx_word' id='word_1_112' title='bbox 1508 1313 1659 1360; x_wconf 85' lang='lat' dir='ltr'>usque</span> <span class='ocrx_word' id='word_1_113' title='bbox 1687 1295 1833 1342; x_wconf 87' lang='lat' dir='ltr'>hodie</span> 
     </span>
     <span class='ocr_line' id='line_1_15' title="bbox 414 1373 1835 1442; baseline -0.004 -18"><span class='ocrx_word' id='word_1_114' title='bbox 414 1378 479 1425; x_wconf 89' lang='lat' dir='ltr'>sic</span> <span class='ocrx_word' id='word_1_115' title='bbox 517 1376 794 1442; x_wconf 88' lang='lat' dir='ltr'>perdurant.</span> <span class='ocrx_word' id='word_1_116' title='bbox 828 1375 1010 1421; x_wconf 78' lang='lat' dir='ltr'>Idcirco</span> <span class='ocrx_word' id='word_1_117' title='bbox 1033 1391 1162 1421; x_wconf 89' lang='lat' dir='ltr'>nunc</span> <span class='ocrx_word' id='word_1_118' title='bbox 1184 1374 1351 1420; x_wconf 89' lang='lat' dir='ltr'>incolae</span> <span class='ocrx_word' id='word_1_119' title='bbox 1374 1373 1496 1421; x_wconf 90' lang='lat' dir='ltr'>duos</span> <span class='ocrx_word' id='word_1_120' title='bbox 1519 1384 1730 1421; x_wconf 86' lang='lat' dir='ltr'>amantes</span> <span class='ocrx_word' id='word_1_121' title='bbox 1751 1389 1835 1420; x_wconf 86' lang='lat' dir='ltr'>vo·</span> 
     </span>
     <span class='ocr_line' id='line_1_16' title="bbox 415 1451 1412 1512; baseline -0.003 -12"><span class='ocrx_word' id='word_1_122' title='bbox 415 1454 578 1512; x_wconf 83' lang='lat' dir='ltr'>citant,</span> <span class='ocrx_word' id='word_1_123' title='bbox 607 1463 654 1500; x_wconf 89' lang='lat' dir='ltr'>et</span> <span class='ocrx_word' id='word_1_124' title='bbox 677 1468 869 1499; x_wconf 87' lang='lat' dir='ltr'>summo</span> <span class='ocrx_word' id='word_1_125' title='bbox 894 1461 1184 1499; x_wconf 87' lang='lat' dir='ltr'>venerantur</span> <span class='ocrx_word' id='word_1_126' title='bbox 1207 1451 1412 1498; x_wconf 90' lang='lat' dir='ltr'>bonore.</span> 
     </span>
    </p>
   </div>
   <div class='ocr_carea' id='block_1_4' title="bbox 903 1597 1357 1729">
    <p class='ocr_par' dir='ltr' id='par_1_4' title="bbox 903 1597 1357 1729">
     <span class='ocr_line' id='line_1_17' title="bbox 949 1597 1304 1632; baseline 0.003 -1"><span class='ocrx_word' id='word_1_127' title='bbox 949 1597 1104 1631; x_wconf 87' lang='lat' dir='ltr'><strong>CAPUT</strong></span> <span class='ocrx_word' id='word_1_128' title='bbox 1129 1597 1304 1632; x_wconf 89' lang='lat' dir='ltr'><strong>XXXIII.</strong></span> 
     </span>
     <span class='ocr_line' id='line_1_18' title="bbox 903 1681 1357 1729; baseline 0.002 -14"><span class='ocrx_word' id='word_1_129' title='bbox 903 1683 954 1715; x_wconf 82' lang='lat' dir='ltr'>De</span> <span class='ocrx_word' id='word_1_130' title='bbox 968 1681 1120 1716; x_wconf 79' lang='lat' dir='ltr'>Amabili</span> <span class='ocrx_word' id='word_1_131' title='bbox 1137 1681 1357 1729; x_wconf 79' lang='lat' dir='ltr'>presbytem.</span> 
     </span>
    </p>
   </div>
   <div class='ocr_carea' id='block_1_5' title="bbox 420 1789 1848 2632">
    <p class='ocr_par' dir='ltr' id='par_1_5' title="bbox 420 1789 1848 2632">
     <span class='ocr_line' id='line_1_19' title="bbox 484 1789 1842 1859; baseline -0.004 -18"><span class='ocrx_word' id='word_1_132' title='bbox 484 1796 590 1841; x_wconf 87' lang='lat' dir='ltr'>Fuit</span> <span class='ocrx_word' id='word_1_133' title='bbox 618 1795 762 1842; x_wconf 84' lang='lat' dir='ltr'>etiam</span> <span class='ocrx_word' id='word_1_134' title='bbox 790 1795 837 1841; x_wconf 91' lang='lat' dir='ltr'>in</span> <span class='ocrx_word' id='word_1_135' title='bbox 874 1793 1148 1859; x_wconf 87' lang='lat' dir='ltr'>supradicta</span> <span class='ocrx_word' id='word_1_136' title='bbox 1174 1796 1382 1839; x_wconf 81' lang='lat' dir='ltr'>Arverna</span> <span class='ocrx_word' id='word_1_137' title='bbox 1404 1791 1521 1839; x_wconf 80' lang='lat' dir='ltr'>urbe</span> <span class='ocrx_word' id='word_1_138' title='bbox 1550 1789 1842 1838; x_wconf 87' lang='lat' dir='ltr'>admirabilis</span> 
     </span>
     <span class='ocr_line' id='line_1_20' title="bbox 420 1869 1841 1937; baseline -0.004 -17"><span class='ocrx_word' id='word_1_139' title='bbox 420 1874 678 1921; x_wconf 84' lang='lat' dir='ltr'>sanctitatis</span> <span class='ocrx_word' id='word_1_140' title='bbox 706 1871 932 1919; x_wconf 86' lang='lat' dir='ltr'>Amabilis</span> <span class='ocrx_word' id='word_1_141' title='bbox 955 1871 1168 1937; x_wconf 89' lang='lat' dir='ltr'>quidam,</span> <span class='ocrx_word' id='word_1_142' title='bbox 1202 1871 1294 1918; x_wconf 87' lang='lat' dir='ltr'>vici</span> <span class='ocrx_word' id='word_1_143' title='bbox 1315 1869 1688 1933; x_wconf 85' lang='lat' dir='ltr'>Ricomagensis¹</span> <span class='ocrx_word' id='word_1_144' title='bbox 1712 1884 1841 1933; x_wconf 89' lang='lat' dir='ltr'>pres-</span> 
     </span>
     <span class='ocr_line' id='line_1_21' title="bbox 421 1947 1842 2017; baseline -0.005 -19"><span class='ocrx_word' id='word_1_145' title='bbox 421 1952 572 2017; x_wconf 85' lang='lat' dir='ltr'>byter,</span> <span class='ocrx_word' id='word_1_146' title='bbox 602 1951 684 2015; x_wconf 88' lang='lat' dir='ltr'>qui</span> <span class='ocrx_word' id='word_1_147' title='bbox 709 1949 964 1997; x_wconf 89' lang='lat' dir='ltr'>virtutibus</span> <span class='ocrx_word' id='word_1_148' title='bbox 986 1949 1170 2014; x_wconf 84' lang='lat' dir='ltr'>magnis</span> <span class='ocrx_word' id='word_1_149' title='bbox 1194 1947 1481 2015; x_wconf 80' lang='lat' dir='ltr'>praecellens,</span> <span class='ocrx_word' id='word_1_150' title='bbox 1503 1964 1627 2012; x_wconf 88' lang='lat' dir='ltr'>saepe</span> <span class='ocrx_word' id='word_1_151' title='bbox 1649 1961 1842 2010; x_wconf 85' lang='lat' dir='ltr'>serpen-</span> 
     </span>
     <span class='ocr_line' id='line_1_22' title="bbox 420 2025 1843 2093; baseline -0.006 -17"><span class='ocrx_word' id='word_1_152' title='bbox 420 2029 545 2076; x_wconf 87' lang='lat' dir='ltr'>tibus</span> <span class='ocrx_word' id='word_1_153' title='bbox 571 2028 745 2076; x_wconf 90' lang='lat' dir='ltr'>dicitur</span> <span class='ocrx_word' id='word_1_154' title='bbox 773 2029 1047 2093; x_wconf 77' lang='lat' dir='ltr'>imperasse,</span> <span class='ocrx_word' id='word_1_155' title='bbox 1077 2030 1197 2075; x_wconf 88' lang='lat' dir='ltr'>Nam</span> <span class='ocrx_word' id='word_1_156' title='bbox 1220 2027 1282 2074; x_wconf 89' lang='lat' dir='ltr'>ad</span> <span class='ocrx_word' id='word_1_157' title='bbox 1303 2026 1445 2090; x_wconf 84' lang='lat' dir='ltr'>hujus</span> <span class='ocrx_word' id='word_1_158' title='bbox 1466 2025 1706 2071; x_wconf 71' lang='lat' dir='ltr'>tumulum</span> <span class='ocrx_word' id='word_1_159' title='bbox 1733 2039 1843 2070; x_wconf 88' lang='lat' dir='ltr'>cum</span> 
     </span>
     <span class='ocr_line' id='line_1_23' title="bbox 422 2100 1845 2171; baseline -0.006 -18"><span class='ocrx_word' id='word_1_160' title='bbox 422 2106 520 2154; x_wconf 81' lang='lat' dir='ltr'>dux</span> <span class='ocrx_word' id='word_1_161' title='bbox 561 2106 823 2154; x_wconf 79' lang='lat' dir='ltr'>Victorius²</span> <span class='ocrx_word' id='word_1_162' title='bbox 866 2104 1154 2171; x_wconf 82' lang='lat' dir='ltr'>despexisset</span> <span class='ocrx_word' id='word_1_163' title='bbox 1197 2120 1332 2152; x_wconf 88' lang='lat' dir='ltr'>orare</span> <span class='ocrx_word' id='word_1_164' title='bbox 1353 2141 1366 2164; x_wconf 87' lang='lat'>‚</span> <span class='ocrx_word' id='word_1_165' title='bbox 1405 2101 1547 2150; x_wconf 85' lang='lat' dir='ltr'>affixo</span> <span class='ocrx_word' id='word_1_166' title='bbox 1589 2117 1615 2148; x_wconf 92' lang='lat' dir='ltr'>e</span> <span class='ocrx_word' id='word_1_167' title='bbox 1650 2100 1845 2162; x_wconf 87' lang='lat' dir='ltr'>regione</span> 
     </span>
     <span class='ocr_line' id='line_1_24' title="bbox 424 2174 1845 2245; baseline -0.005 -17"><span class='ocrx_word' id='word_1_168' title='bbox 424 2197 568 2245; x_wconf 89' lang='lat' dir='ltr'>equo,</span> <span class='ocrx_word' id='word_1_169' title='bbox 608 2195 913 2244; x_wconf 87' lang='lat' dir='ltr'>nequaquam</span> <span class='ocrx_word' id='word_1_170' title='bbox 946 2188 1135 2245; x_wconf 88' lang='lat' dir='ltr'>poterat</span> <span class='ocrx_word' id='word_1_171' title='bbox 1165 2193 1403 2227; x_wconf 88' lang='lat' dir='ltr'>amovere.</span> <span class='ocrx_word' id='word_1_172' title='bbox 1433 2179 1589 2234; x_wconf 90' lang='lat' dir='ltr'>Quem</span> <span class='ocrx_word' id='word_1_173' title='bbox 1621 2191 1730 2222; x_wconf 88' lang='lat' dir='ltr'>cum</span> <span class='ocrx_word' id='word_1_174' title='bbox 1762 2174 1845 2221; x_wconf 88' lang='lat' dir='ltr'>fla-</span> 
     </span>
     <span class='ocr_line' id='line_1_25' title="bbox 426 2254 1846 2322; baseline -0.004 -17"><span class='ocrx_word' id='word_1_175' title='bbox 426 2259 518 2322; x_wconf 83' lang='lat' dir='ltr'>gris</span> <span class='ocrx_word' id='word_1_176' title='bbox 542 2259 836 2322; x_wconf 86' lang='lat' dir='ltr'>stimulisque</span> <span class='ocrx_word' id='word_1_177' title='bbox 859 2267 1064 2322; x_wconf 87' lang='lat' dir='ltr'>urgeret,</span> <span class='ocrx_word' id='word_1_178' title='bbox 1084 2267 1131 2305; x_wconf 89' lang='lat' dir='ltr'>et</span> <span class='ocrx_word' id='word_1_179' title='bbox 1154 2256 1232 2304; x_wconf 92' lang='lat' dir='ltr'>ille</span> <span class='ocrx_word' id='word_1_180' title='bbox 1250 2256 1385 2320; x_wconf 86' lang='lat' dir='ltr'>quasi</span> <span class='ocrx_word' id='word_1_181' title='bbox 1407 2271 1566 2302; x_wconf 85' lang='lat' dir='ltr'>aeneus</span> <span class='ocrx_word' id='word_1_182' title='bbox 1590 2262 1734 2300; x_wconf 87' lang='lat' dir='ltr'>staret</span> <span class='ocrx_word' id='word_1_183' title='bbox 1756 2254 1846 2299; x_wconf 90' lang='lat' dir='ltr'>im·</span> 
     </span>
     <span class='ocr_line' id='line_1_26' title="bbox 429 2331 1845 2400; baseline -0.004 -18"><span class='ocrx_word' id='word_1_184' title='bbox 429 2335 636 2396; x_wconf 77' lang='lat' dir='ltr'>mobilis,</span> <span class='ocrx_word' id='word_1_185' title='bbox 675 2335 871 2383; x_wconf 87' lang='lat' dir='ltr'>tandem</span> <span class='ocrx_word' id='word_1_186' title='bbox 903 2335 1162 2400; x_wconf 85' lang='lat' dir='ltr'>aliquando</span> <span class='ocrx_word' id='word_1_187' title='bbox 1194 2334 1290 2382; x_wconf 84' lang='lat' dir='ltr'>dux</span> <span class='ocrx_word' id='word_1_188' title='bbox 1325 2349 1351 2380; x_wconf 88' lang='lat' dir='ltr'>a</span> <span class='ocrx_word' id='word_1_189' title='bbox 1387 2333 1483 2380; x_wconf 88' lang='lat' dir='ltr'>suis</span> <span class='ocrx_word' id='word_1_190' title='bbox 1505 2331 1845 2386; x_wconf 88' lang='lat' dir='ltr'>commonitus,</span> 
     </span>
     <span class='ocr_line' id='line_1_27' title="bbox 430 2408 1847 2479; baseline -0.004 -19"><span class='ocrx_word' id='word_1_191' title='bbox 430 2413 529 2476; x_wconf 85' lang='lat' dir='ltr'>qui,</span> <span class='ocrx_word' id='word_1_192' title='bbox 566 2423 619 2460; x_wconf 85' lang='lat' dir='ltr'>ut</span> <span class='ocrx_word' id='word_1_193' title='bbox 649 2413 715 2460; x_wconf 86' lang='lat' dir='ltr'>ita</span> <span class='ocrx_word' id='word_1_194' title='bbox 737 2413 912 2475; x_wconf 87' lang='lat' dir='ltr'>dicam,</span> <span class='ocrx_word' id='word_1_195' title='bbox 949 2414 1038 2478; x_wconf 89' lang='lat' dir='ltr'>ipsi</span> <span class='ocrx_word' id='word_1_196' title='bbox 1063 2411 1235 2479; x_wconf 88' lang='lat' dir='ltr'>pecudi</span> <span class='ocrx_word' id='word_1_197' title='bbox 1266 2411 1430 2458; x_wconf 85' lang='lat' dir='ltr'>similis</span> <span class='ocrx_word' id='word_1_198' title='bbox 1455 2420 1556 2458; x_wconf 91' lang='lat' dir='ltr'>erat</span> <span class='ocrx_word' id='word_1_199' title='bbox 1583 2409 1751 2468; x_wconf 85' lang='lat' dir='ltr'>sactus,</span> <span class='ocrx_word' id='word_1_200' title='bbox 1786 2408 1847 2455; x_wconf 89' lang='lat' dir='ltr'>ad</span> 
     </span>
     <span class='ocr_line' id='line_1_28' title="bbox 431 2488 1848 2554; baseline -0.004 -17"><span class='ocrx_word' id='word_1_201' title='bbox 431 2491 698 2538; x_wconf 87' lang='lat' dir='ltr'>orationem</span> <span class='ocrx_word' id='word_1_202' title='bbox 731 2490 1001 2551; x_wconf 82' lang='lat' dir='ltr'>descendit3</span> <span class='ocrx_word' id='word_1_203' title='bbox 1043 2505 1251 2554; x_wconf 86' lang='lat' dir='ltr'>cumque</span> <span class='ocrx_word' id='word_1_204' title='bbox 1286 2488 1488 2536; x_wconf 83' lang='lat' dir='ltr'>fideliter</span> <span class='ocrx_word' id='word_1_205' title='bbox 1519 2498 1714 2546; x_wconf 85' lang='lat' dir='ltr'>orasset,</span> <span class='ocrx_word' id='word_1_206' title='bbox 1750 2502 1848 2550; x_wconf 88' lang='lat' dir='ltr'>quo</span> 
     </span>
     <span class='ocr_line' id='line_1_29' title="bbox 432 2563 1848 2632; baseline -0.004 -18"><span class='ocrx_word' id='word_1_207' title='bbox 432 2569 581 2615; x_wconf 88' lang='lat' dir='ltr'>voluit</span> <span class='ocrx_word' id='word_1_208' title='bbox 619 2569 716 2616; x_wconf 88' lang='lat' dir='ltr'>ivit.</span> <span class='ocrx_word' id='word_1_209' title='bbox 762 2567 831 2616; x_wconf 84' lang='lat' dir='ltr'>Ad</span> <span class='ocrx_word' id='word_1_210' title='bbox 869 2568 1013 2632; x_wconf 89' lang='lat' dir='ltr'>hujus</span> <span class='ocrx_word' id='word_1_211' title='bbox 1047 2566 1318 2632; x_wconf 86' lang='lat' dir='ltr'>sepulcrum</span> <span class='ocrx_word' id='word_1_212' title='bbox 1354 2581 1729 2630; x_wconf 84' lang='lat' dir='ltr'>energumenum</span> <span class='ocrx_word' id='word_1_213' title='bbox 1753 2563 1848 2610; x_wconf 86' lang='lat' dir='ltr'>vidi</span> 
     </span>
    </p>
   </div>
   <div class='ocr_carea' id='block_1_6' title="bbox 1568 2670 1850 2678">
    <p class='ocr_par' dir='ltr' id='par_1_6' title="bbox 1568 2670 1850 2678">
     <span class='ocr_line' id='line_1_30' title="bbox 1568 2670 1850 2678; baseline 0 780"><span class='ocrx_word' id='word_1_214' title='bbox 1568 2670 1850 2678; x_wconf 95' lang='lat' dir='ltr'> </span> 
     </span>
    </p>
   </div>
   <div class='ocr_carea' id='block_1_7' title="bbox 474 2723 1139 2840">
    <p class='ocr_par' dir='ltr' id='par_1_7' title="bbox 474 2723 1139 2840">
     <span class='ocr_line' id='line_1_31' title="bbox 474 2723 1139 2785; baseline -0.003 -23"><span class='ocrx_word' id='word_1_215' title='bbox 474 2727 540 2772; x_wconf 77' lang='lat'>.(1)</span> <span class='ocrx_word' id='word_1_216' title='bbox 568 2727 865 2776; x_wconf 67' lang='lat' dir='ltr'>fflgomagensIs,</span> <span class='ocrx_word' id='word_1_217' title='bbox 880 2727 979 2764; x_wconf 71' lang='lat'>2791</span> <span class='ocrx_word' id='word_1_218' title='bbox 1003 2723 1139 2785; x_wconf 58' lang='lat' dir='ltr'>etalii.</span> 
     </span>
     <span class='ocr_line' id='line_1_32' title="bbox 485 2783 998 2840; baseline 0.006 -15"><span class='ocrx_word' id='word_1_219' title='bbox 485 2788 540 2839; x_wconf 73' lang='lat'>(2)</span> <span class='ocrx_word' id='word_1_220' title='bbox 573 2793 778 2840; x_wconf 64' lang='lat' dir='ltr'>Via-turias,</span> <span class='ocrx_word' id='word_1_221' title='bbox 797 2791 915 2828; x_wconf 70' lang='lat'>2204.</span> <span class='ocrx_word' id='word_1_222' title='bbox 996 2783 998 2786; x_wconf 21' lang='lat' dir='ltr'>V</span> 
     </span>
    </p>
   </div>
  </div>
 </body>
</html>
