2028 3458
428 268 503 305 348
789 267 854 303 DE
883 265 1069 302 GLORIA
1096 263 1466 303 CONFESSORUM.

426 355 591 402 elevati
616 355 662 400 in
686 370 816 410 aera,
843 353 1041 415 lychnos
1070 352 1150 415 qui
1176 352 1236 398 ad
1266 351 1474 398 officium
1505 351 1695 398 luminis
1728 368 1837 398 suc-

426 432 711 491 cenduntur‚
738 446 881 477 manu
907 429 1208 476 verberantes
1230 429 1507 492 effringunt3
1531 429 1589 475 de
1612 446 1707 492 quo
1731 445 1837 493 per-

427 509 514 555 susi
556 508 770 572 liquore,
826 507 951 553 illico
1003 505 1273 553 discedente
1320 506 1561 566 daemone,
1628 522 1838 571 personae

426 595 716 652 purgantur3
763 585 947 648 scitque
980 594 1094 631 tunc
1128 584 1334 648 populus
1379 593 1448 629 tot
1489 583 1702 630 infirmos
1740 601 1839 630 esse

425 663 680 710 mundatos
697 672 815 726 quot
832 662 998 709 viderit
1018 661 1216 725 lychnos
1233 660 1470 708 effractos.
1492 660 1583 707 Sed
1606 671 1651 707 et
1678 662 1839 708 omnia

425 757 530 804 quae
566 739 654 787 sub
689 740 870 787 ditione
905 739 1107 786 basilicae
1142 739 1241 802 ejus
1270 737 1510 785 habentur
1531 739 1596 785 ita
1625 738 1703 803 pia
1724 755 1841 803 pro-

425 818 627 865 tectione
656 827 920 878 conservat,
948 834 1007 864 ne
1030 816 1198 863 exinde
1222 817 1486 880 quidquam
1518 817 1755 863 auferatur
1780 817 1840 864 ab

425 895 602 959 aliquo,
631 897 748 941 Nam
782 893 941 940 videas
972 894 1092 939 inter
1118 892 1279 940 hostes
1301 893 1492 957 iniquos
1524 909 1684 955 greges
1707 909 1842 957 peco-

426 988 531 1018 rum
544 972 967 1035 jumentorumque
982 980 1027 1017 et
1047 971 1224 1029 ovium,
1249 988 1336 1017 uec
1352 972 1538 1036 penitus
1558 987 1586 1017 a
1599 986 1842 1034 quoquam

427 1052 618 1114 attingi,
652 1067 762 1097 cum
802 1067 893 1096 vox
928 1050 1173 1096 sonuerit:
1214 1069 1235 1092 «
1272 1050 1563 1096 Confessoris
1599 1058 1707 1095 sunt
1742 1048 1842 1095 haec

427 1129 632 1175 Eusebii.
655 1147 678 1171 >³
698 1129 846 1192 Hujus
865 1128 1013 1175 sancti
1034 1128 1253 1191 reliquias
1272 1138 1421 1175 mater
1439 1144 1545 1174 mea
1566 1127 1611 1172 in
1634 1126 1842 1173 oratorio

428 1206 601 1253 domus
621 1223 715 1253 suae
735 1207 922 1253 locavit.
951 1209 1142 1251 Factum
1165 1215 1232 1250 est
1253 1215 1409 1252 autem
1431 1205 1635 1268 quadam
1660 1204 1736 1251 die
1759 1221 1844 1268 per

426 1282 634 1331 hiemem
668 1283 784 1329 dum
822 1283 1140 1329 collocutione
1185 1282 1322 1328 hilari
1370 1298 1456 1346 pro
1500 1282 1842 1345 longinquitate

428 1361 580 1407 noctis
604 1360 780 1406 diutius
811 1370 918 1407 ante
952 1361 1129 1420 focum,
1156 1361 1235 1423 qui
1269 1360 1415 1406 multa
1446 1360 1684 1423 lignorum
1717 1370 1843 1406 strue

428 1438 718 1502 compositus
747 1438 912 1498 fuerat,
937 1438 1180 1497 resideret,
1207 1437 1381 1483 familia
1412 1438 1508 1500 jam
1536 1437 1839 1496 dormitante,

428 1515 642 1575 surrexit,
670 1525 716 1561 et
746 1531 795 1561 se
822 1514 996 1560 lectulo
1026 1514 1155 1561 haud
1184 1515 1350 1579 procul
1374 1514 1434 1561 al)
1458 1515 1561 1578 ipso
1586 1515 1692 1576 igne
1716 1515 1844 1561 loca-

427 1593 510 1637 vit.
532 1592 890 1639 Dormientibus
906 1602 1063 1639 autem
1084 1593 1283 1653 cunctis,
1310 1591 1521 1638 scintillae
1544 1592 1844 1638 flammarum

428 1670 487 1715 ad
515 1670 669 1717 trabes
703 1687 851 1734 usque
884 1670 1231 1729 conscendunt,
1259 1670 1318 1716 de
1355 1670 1526 1734 quibus
1549 1670 1846 1735 apprehensa

431 1763 526 1794 una
548 1763 727 1805 earum,
749 1748 902 1794 valide
922 1747 1065 1811 coepit
1086 1747 1299 1794 flammas
1319 1763 1536 1811 spargere
1559 1766 1569 1794 z
1596 1746 1677 1794 sed
1700 1747 1845 1793 credo

430 1825 597 1871 virtute
624 1825 774 1872 sancti
808 1825 948 1881 illius,
971 1824 1106 1886 cujus
1134 1824 1339 1888 reliquioe
1373 1826 1653 1889 propinqua:
1682 1834 1841 1884 erant,

429 1902 620 1948 flamma
639 1912 803 1948 contra
828 1912 1046 1948 naturam
1071 1901 1316 1948 desursum
1342 1903 1584 1949 incurvata
1609 1911 1846 1964 retorque-

429 1987 522 2024 tur.
548 1982 641 2025 Nec
662 1979 722 2025 ad
746 1989 938 2036 tectum,
966 1989 1017 2025 ut
1042 1996 1146 2025 mos
1168 1989 1253 2039 est,
1282 1980 1566 2035 extenditur,
1594 1979 1674 2026 sed
1701 1979 1845 2025 deor-

431 2072 534 2101 sum
555 2056 681 2115 fluit3
713 2067 762 2102 ut
785 2067 972 2120 putares
1004 2073 1102 2102 non
1134 2057 1395 2116 flammam,
1427 2056 1507 2103 sed
1532 2056 1702 2102 vellera
1727 2056 1845 2102 lance

432 2131 492 2177 de
518 2131 649 2178 trabe
674 2133 881 2196 pendere
906 2150 915 2177 :
943 2149 1030 2179 nec
1062 2133 1288 2179 exurebat
1312 2133 1513 2192 trabem,
1540 2133 1626 2178 nisi
1662 2142 1843 2177 tantuin

432 2210 602 2256 ardens
625 2227 710 2274 per
732 2211 882 2274 ipsam
914 2211 1189 2274 vagabatur,
1213 2212 1368 2258 donec
1394 2211 1715 2275 expergefacta
1749 2226 1847 2256 ma-

433 2287 725 2347 terfamilias,
765 2288 942 2334 vocatis
980 2287 1319 2348 servientibus,
1363 2305 1484 2351 aqua
1523 2287 1841 2351 superposita,

433 2365 644 2411 restinxit
677 2365 969 2424 incendium,
999 2382 1096 2429 quo
1131 2365 1262 2412 facile
1285 2366 1439 2411 omnis
1471 2365 1643 2412 domus
1666 2364 1846 2410 cunctis

434 2442 779 2488 dormientibus
829 2443 959 2489 exuri
1006 2443 1257 2507 potuisset,
1315 2444 1351 2489 si
1399 2444 1544 2489 virtus
1591 2441 1716 2489 beati
1763 2441 1845 2487 de·

435 2520 607 2567 fuisset.
