2028 3458
482 293 528 330 12
701 294 765 329 DE
794 291 1087 328 VIRTUTIBUS
1115 291 1287 327 SANCTI
1317 291 1540 327 MARTINI.
1563 311 1615 318 —
1633 292 1666 328 1.

475 381 692 442 naudus,
725 378 985 445 ampullam
1016 394 1127 425 cum
1155 378 1264 425 oleo
1298 376 1360 423 ad
1394 387 1613 424 sanctum
1650 379 1890 427 tumulum

475 458 670 522 detulit,
696 468 749 507 ut
782 459 917 506 eum¹
941 457 1087 503 virtus
1115 456 1229 519 justi
1269 454 1424 502 infusa
1462 455 1792 505 sanctificaret.
1835 462 1891 506 Et

474 552 610 584 eraso
633 553 660 584 a
680 552 941 594 marmore,
964 550 1060 598 quo
1081 542 1245 580 sancta
1273 531 1491 580 membra
1516 543 1755 597 teguntur,
1780 536 1890 602 pul-

475 630 586 662 vere
602 652 614 676 ,
634 631 688 662 ac
718 613 893 678 liquori
931 611 1166 677 permixto
1183 648 1195 671 ,
1220 627 1276 656 ex
1300 626 1398 675 quo
1429 611 1477 656 in
1512 620 1698 659 tantum
1729 613 1891 661 oleum

475 689 760 737 redundavit
782 697 835 734 ut
859 687 1192 734 vestimentum
1215 684 1476 733 sacerdotis
1497 697 1720 735 nectareo
1754 688 1891 736 effra-

475 784 613 831 grans
641 766 790 813 odore
825 765 1041 830 oleagina
1074 764 1206 811 unda
1241 764 1623 829 perfunderetur.
1661 768 1890 832 Multique

473 860 526 890 ex
550 843 644 890 hoc
674 837 849 890 infirmi
880 843 1120 908 experiere
1143 842 1363 888 salutem.
1394 842 1488 889 Sed
1511 853 1558 890 et
1588 844 1807 908 procellae
1828 845 1890 892 ab

473 922 594 983 agris
613 920 706 968 hoc
728 922 913 984 liquore
936 919 1196 986 purificatis
1220 936 1342 984 saepe
1365 920 1618 985 prohibitae
1640 933 1768 969 sunt.

537 1000 657 1045 Cum
682 1009 840 1046 autem
865 997 925 1045 ad
954 998 1185 1063 templum
1214 1007 1435 1045 sanctum
1458 999 1656 1063 quidam
1687 1000 1889 1048 devotus

474 1073 567 1122 fide
590 1076 759 1141 plenus
783 1076 1051 1123 accessisset
1075 1085 1138 1135 et,
1165 1076 1363 1139 gratiam
1387 1077 1538 1124 sancti
1560 1077 1744 1138 sitiens,
1763 1080 1892 1143 cogi-

472 1161 593 1200 taret
607 1153 723 1217 quid
745 1154 804 1201 de
827 1153 966 1200 beata
988 1152 1087 1199 aede
1109 1162 1298 1218 raperet
1322 1152 1382 1200 ad
1405 1153 1629 1215 salutem,
1649 1172 1802 1221 prope
1819 1173 1891 1202 se-
1933 1211 1943 1220 ¹

470 1231 691 1294 pulcrum
722 1231 975 1292 accedens,
1001 1231 1227 1278 aedituum
1253 1231 1487 1297 supplicat
1514 1241 1567 1279 ut
1587 1232 1676 1279 sibi
1694 1249 1888 1297 parurn-

470 1324 556 1373 per
581 1308 842 1357 benedictae
870 1326 987 1357 cerae
1017 1310 1267 1374 largiretur
1294 1326 1321 1357 e
1343 1310 1548 1358 tumulo.
1574 1313 1731 1368 Quam
1765 1313 1889 1359 acci-

470 1385 605 1449 piens
627 1387 758 1434 laetus
774 1386 992 1444 abcessit,
1012 1397 1058 1434 et
1078 1404 1194 1451 agro
1207 1425 1219 1449 ,
1240 1388 1318 1435 cui
1338 1387 1522 1452 frugem
1547 1399 1751 1446 severat,
1775 1406 1890 1436 con-

470 1461 582 1510 fisus
604 1464 848 1529 imposuit.
871 1464 1133 1513 Adveniens
1151 1475 1310 1512 autem
1328 1475 1584 1531 tempestas
1607 1467 1883 1530 saevissima,

469 1556 574 1603 quae
600 1541 851 1588 viciniam²
872 1542 920 1588 in
953 1543 1090 1589 annis
1125 1542 1500 1607 praecedentibus
1530 1560 1652 1609 saepe
1675 1554 1887 1592 vastave-

469 1628 565 1680 rat,
599 1619 660 1667 ab
690 1619 780 1668 hac
810 1631 879 1668 est
912 1620 1152 1687 prohibita
1186 1620 1552 1685 benedictione,
1587 1639 1676 1670 nec
1707 1622 1886 1671 ibidem

468 1694 590 1743 ultra
605 1733 618 1758 ,
639 1698 707 1744 uti
726 1709 1036 1746 consueverat
1052 1736 1064 1758 ,
1091 1700 1274 1747 nocuit.

531 1773 780 1838 Magnifica
792 1793 906 1824 vero
923 1787 1065 1842 atque
1082 1776 1384 1825 desiderabili
1402 1776 1615 1843 paschali
1639 1777 1887 1826 festivitate

466 1850 747 1901 adveniente
763 1891 776 1916 ,
804 1855 1011 1921 populus
1036 1855 1099 1903 ad
1127 1854 1257 1903 beati
1285 1855 1506 1904 cellulam
1523 1893 1535 1916 ,
1561 1856 1611 1902 in
1636 1872 1732 1920 qua
1753 1872 1886 1903 com·

467 1940 677 1978 moratus
699 1949 819 1998 saepe
839 1933 1220 1999 frequentaverat
1238 1950 1348 1981 cum
1367 1934 1567 1998 angelis,
1586 1933 1790 1980 devotus
1806 1934 1886 1980 ad-

467 2007 614 2055 venit.
643 2012 701 2056 Et
729 2010 915 2074 singula
945 2012 1052 2059 loca
1080 2011 1345 2072 allambens
1382 2011 1557 2058 osculis
1582 2011 1657 2058 vel
1688 2011 1885 2074 irrigans

467 2081 687 2149 lacrymis
702 2124 715 2148 ,
734 2087 782 2133 in
801 2104 896 2152 qua
909 2089 980 2135 vir
1001 2089 1169 2137 beatus
1188 2099 1298 2137 ante
1326 2088 1515 2136 sederat
1536 2097 1617 2135 aut
1645 2098 1880 2147 oraverat,

467 2161 565 2208 sive
588 2162 669 2210 ubi
707 2164 867 2212 cibum
895 2155 1160 2232 sumpserat
1195 2167 1271 2215 vel
1306 2166 1503 2232 corpori
1535 2166 1745 2230 quietem
1777 2176 1886 2230 post

467 2238 643 2287 multos
668 2241 855 2290 labores
881 2244 1169 2307 indulserat,
1197 2245 1344 2293 classe
1367 2245 1564 2292 navium
1589 2252 1847 2309 praeparata
1864 2282 1878 2301 ,

466 2330 657 2363 amnem
686 2320 884 2367 transire
906 2332 1065 2386 parat,
1095 2332 1147 2369 ut
1179 2322 1377 2370 beatum
1410 2321 1679 2386 sepulcrum
1712 2319 1880 2380 adeat,

466 2401 640 2439 etcum
676 2395 789 2442 fletu
816 2398 1000 2445 veniam
1035 2399 1298 2466 deprecans
1329 2416 1492 2448 coram
1528 2398 1799 2446 consessore
1834 2416 1882 2445 se

465 2479 747 2533 prosternat.
787 2476 1124 2539 Navigantibus
1160 2488 1319 2525 autem
1354 2477 1472 2538 illis,
1506 2476 1752 2523 tentatoris
1790 2475 1879 2522 im-

517 2668 574 2722 (¹)
591 2669 636 2708 Id
658 2679 736 2720 est,
759 2672 813 2714 id.
836 2673 906 2712 Ed.
929 2688 1026 2712 eam.
1047 2678 1126 2724 (R.)

516 2733 574 2788 (2)
601 2736 662 2775 Sic
682 2738 788 2786 Gat.‚
818 2739 926 2779 Vinc.
955 2748 992 2778 et
1017 2743 1106 2780 Bec.
1128 2741 1305 2795 Plerique
1323 2743 1386 2782 alii
1409 2756 1499 2781 mss.
1523 2743 1673 2779 vicinia.
1696 2741 1877 2778 Nonnulli

462 2802 596 2840 vicina.
619 2801 715 2841 Editi
732 2806 869 2844 omnm.
891 2804 972 2858 (R.)
