2028 3458
520 264 569 301 31.
728 241 796 309 1513
822 260 1116 299 vnvm-nnus
1145 258 1319 297 SANCTI
1346 257 1573 294 marm.
1597 277 1648 285 -
1670 258 1704 295 1.

516 348 618 395 sine
640 364 724 413 spe
744 348 849 395 vitae
865 347 965 410 jam
987 345 1111 393 mori
1134 344 1333 410 param,
1358 344 1678 409 prosternitur
1699 345 1860 391 senior
1882 345 1931 391 in

516 425 733 472 oratione
755 441 865 472 cum
883 422 1119 487 lacrymiS,
1142 431 1187 468 et
1210 421 1421 485 geminas
1442 421 1645 470 tendens
1668 422 1850 488 palmas
1871 423 1932 470 ad

517 512 667 562 astra,
698 502 825 549 beati
859 500 1047 548 Martini
1083 497 1312 546 auxilium
1343 499 1656 564 precabatur,
1683 510 1731 548 et
1765 509 1818 547 ut
1844 499 1932 547 sibi

517 581 791 645 dignaretur
826 578 992 626 adesse
1016 577 1243 625 velociter
1277 578 1558 643 proclamat.
1602 582 1735 626 Unus
1772 588 1931 626 autem

516 675 572 706 ex
595 658 787 724 perfidis
812 657 958 704 dixit:
994 676 1017 701 «
1046 656 1275 703 Martinus
1299 656 1396 718 ille,
1421 674 1566 720 quem
1588 657 1783 704 invocas
1800 694 1812 717 ,
1833 657 1931 721 jam

516 745 560 783 te
583 735 850 799 dereliquit,
876 751 966 782 nec
999 734 1084 781 tibi
1117 735 1166 780 in
1202 733 1293 780 hac
1324 735 1603 782 necessitate
1627 736 1876 782 succurrit.
1906 756 1928 780 »

519 816 634 860 Vere
650 812 936 860 credo-hanc
956 829 1125 859 vocem
1141 812 1202 859 ab
1223 812 1500 860 insidiatore
1519 814 1658 861 fuisse
1676 814 1929 879 prolatam,

514 900 567 938 ut
588 890 781 939 beatum
803 890 1101 938 sacerdotem
1129 890 1190 938 ab
1215 891 1435 938 oratione
1467 890 1700 940 turbaret.
1730 892 1824 939 Sed
1855 893 1933 940 ille

512 970 606 1017 hoc
633 969 848 1034 jaculum
882 969 996 1016 fidei
1033 969 1181 1017 lorica
1210 969 1470 1035 repellens,
1511 971 1661 1033 magis
1697 986 1753 1017 ac
1784 971 1934 1033 magis

512 1049 661 1095 sancti
683 1049 772 1095 viri
793 1047 1065 1113 praesidium
1089 1047 1356 1111 flagitabat,
1384 1049 1621 1114 simulque
1649 1047 1934 1097 cohortaba-

514 1135 590 1172 tur
620 1136 672 1172 ut
693 1143 860 1173 omnes
880 1136 1091 1173 orarent.
1121 1129 1339 1192 Cumque
1360 1126 1462 1175 haec
1487 1136 1755 1192 agerentur,
1773 1126 1931 1175 subito

511 1205 783 1269 supervenit
810 1204 933 1251 odor
955 1204 1262 1251 suavissimus
1280 1206 1415 1269 quasi
1435 1205 1703 1253 balsamum
1727 1206 1775 1251 in
1799 1207 1929 1266 navi,

512 1291 558 1328 et
592 1292 819 1346 tanquam
847 1283 885 1328 si
918 1299 1030 1329 cum
1055 1282 1302 1331 thuribulo
1335 1282 1506 1348 aliquis
1539 1284 1774 1344 circuiret,
1808 1283 1932 1330 odor

512 1358 815 1407 thimiamatis
851 1360 1138 1424 effragravit.
1164 1363 1274 1419 Quo
1301 1361 1454 1409 odore
1483 1361 1769 1408 adveniente
1794 1362 1933 1409 cessit

514 1437 735 1485 violentia
752 1455 873 1486 saeva
892 1449 1163 1501 ventorum,
1184 1440 1405 1506 elisisque
1422 1457 1657 1505 aquarum
1675 1443 1931 1489 astantium

510 1516 735 1579 molibus,
761 1518 978 1566 redditur
1000 1508 1132 1566 mare
1159 1520 1489 1584 tranquillum.
1510 1522 1742 1567 Mirantur
1762 1536 1932 1567 omnes

511 1596 653 1641 morti
683 1596 780 1660 jam
814 1596 963 1644 dediti
995 1598 1230 1645 fluctuum
1264 1615 1458 1664 pacem,
1492 1609 1539 1646 et
1571 1599 1787 1664 protinus
1821 1597 1930 1645 data

509 1673 755 1721 serenitate
779 1674 1049 1722 redduntur
1070 1676 1119 1722 in
1149 1676 1325 1723 littore.
1351 1676 1496 1734 Quod
1519 1676 1677 1723 nullus
1700 1675 1927 1739 ambigat,

508 1748 635 1797 beati
662 1752 750 1798 viri
784 1752 993 1800 adventu
1021 1753 1147 1801 hanc
1172 1763 1503 1820 tempestatem
1534 1754 1675 1802 fuisse
1697 1754 1927 1803 sedatam.

507 1829 638 1875 Tunc
659 1845 828 1876 omnes
865 1831 912 1876 in
955 1848 1214 1879 commune
1244 1832 1457 1879 Domino
1488 1826 1676 1896 gratias*
1690 1832 1928 1891 referunt,

509 1904 640 1967 quod
673 1922 755 1953 eos
780 1924 865 1972 per
899 1908 1255 1958 invocationem
1278 1910 1498 1958 antistitis
1530 1911 1603 1958 sui
1627 1910 1852 1974 dignatus
1874 1911 1932 1958 sit

510 1983 570 2029 de
595 1983 687 2031 hoc
709 1986 926 2050 periculo
946 1986 1167 2036 liberare.
1547 2000 1551 2005 '

1104 2145 1263 2182 CAPUT
1290 2145 1338 2181 X.

762 2250 815 2283 De
829 2261 887 2292 eo,
905 2248 966 2296 qui
986 2249 1097 2285 sancti
1113 2249 1276 2297 reliquias
1293 2250 1525 2285 Camaracum
1540 2249 1678 2286 detulit.

578 2349 726 2412 Hujus
757 2360 975 2416 tempore
1008 2352 1206 2417 quidam
1232 2353 1293 2400 de
1321 2356 1663 2402 Camaracense
1688 2353 1700 2376 ¹
1737 2356 1932 2403 ecclesia

514 2425 734 2490 reliquias
764 2429 892 2477 beati
926 2432 1114 2478 Martini
1143 2433 1351 2497 expetiit.
1394 2432 1580 2490 Quibus
1606 2433 1705 2496 jam
1738 2450 1934 2498 vespere

514 2505 735 2568 acceptis,
758 2523 868 2554 cum
891 2508 1142 2573 psallendo
1163 2509 1561 2574 proficisceretur,
1589 2520 1635 2557 et
1658 2510 1775 2557 dum
1802 2511 1933 2574 Lige-

566 2705 622 2759 (1)
645 2708 748 2746 220¹*
775 2713 1117 2758 Camaracinse...;
1141 2714 1245 2750 2334
1275 2715 1543 2752 Camaracensi
1573 2718 1673 2762 c›1·co,·
1692 2713 1814 2752 Cl.-F.
1855 2717 1932 2753 Ca-

512 2786 734 2814 marasenst.
