2028 3458
477 259 553 295 288
695 259 758 294 DE
787 259 1076 296 VIRTUTIBUS
1107 259 1280 296 SANCTI
1311 261 1535 297 MARTINI.
1560 281 1611 287 —
1633 261 1697 297 IV.

478 356 757 410 congestum
782 344 957 392 laboris
981 347 1130 392 nostri
1151 346 1324 395 debeat
1348 347 1610 412 possidere.
1640 346 1897 406 Accedam,

478 424 657 487 inquit,
696 423 757 469 ad
789 422 1033 469 basilicam
1071 424 1223 470 sancti
1257 425 1471 484 Martini,
1510 434 1555 472 et
1591 440 1696 471 eam
1734 424 1900 472 faciam

476 499 716 546 haeredem
744 499 881 559 mihi,
902 509 972 560 ut,
999 499 1160 546 liberis
1183 500 1451 566 abnegatis,
1477 503 1553 549 vel
1584 518 1696 548 cum
1730 501 1902 549 eodem

477 594 583 642 quae
615 577 796 624 habere
820 587 991 642 potero
1018 578 1290 643 possideam
1322 580 1371 626 in
1397 579 1575 627 futuro.
1607 601 1629 623 υ
1652 580 1905 627 Consensit

478 656 649 703 mulier
672 657 859 721 sapiens
877 657 967 704 viri
991 656 1242 722 prudentis
1263 657 1483 705 consilio.
1504 662 1601 706 Nec
1619 675 1771 719 mora,
1795 675 1904 723 pro-

479 733 665 780 ceditur
693 733 754 780 ad
785 733 1028 781 basilicam
1058 735 1232 791 sancti,
1260 734 1460 800 fusaque
1489 736 1707 783 oratione
1737 737 1905 784 invitat

479 810 702 857 abbatem
725 810 859 857 domi
876 827 1039 859 secum
1058 811 1305 860 accedere.
1333 814 1443 870 Quo
1467 812 1742 875 accedente,
1762 814 1905 861 tradi-

481 890 551 937 dit
569 891 612 937 ei
636 907 831 937 omnem
851 891 1202 956 possessionem
1221 909 1377 952 suam,
1403 892 1569 940 dicens
1590 911 1601 939 z
1632 912 1655 935 «
1683 893 1785 939 Sint
1805 884 1905 939 haec

482 969 639 1016 omnia
667 985 814 1034 penes
840 970 990 1016 sancti
1025 970 1212 1017 Martini
1235 970 1470 1018 ditionem
1496 987 1601 1035 quae
1627 970 1805 1017 habere
1834 970 1903 1015 vi-

481 1046 616 1102 deor,
661 1056 708 1093 et
751 1046 847 1094 hoc
879 1057 1066 1094 tantum
1106 1047 1279 1095 exinde
1314 1057 1438 1109 utar,
1487 1057 1538 1094 ut
1574 1047 1635 1095 de
1679 1047 1753 1094 his
1789 1047 1906 1093 dum

480 1124 642 1171 vixero
678 1124 794 1190 alar.
831 1145 853 1167 »
889 1125 1285 1190 Gonsignatisque
1315 1125 1459 1173 rebus
1490 1126 1647 1189 coegit
1682 1124 1907 1172 abbatem

483 1218 676 1249 manere
700 1201 784 1249 ibi.
810 1203 983 1249 Mirum
1017 1202 1175 1249 dictu!
1217 1213 1326 1267 post
1349 1204 1563 1267 triginta,
1590 1213 1645 1249 ut
1680 1202 1904 1258 diximus,

482 1294 721 1325 annorum
745 1279 982 1325 curricula
999 1316 1011 1340 ‚
1038 1279 1086 1325 in
1109 1279 1212 1344 ipsa
1234 1295 1330 1343 qua
1353 1296 1428 1326 res
1456 1296 1565 1327 suas
1586 1279 1790 1326 basilicae
1813 1289 1907 1325 tra-

483 1355 606 1403 didit
632 1364 775 1403 nocte
802 1357 1030 1419 cognovit
1065 1372 1266 1403 uxorem
1296 1372 1455 1416 suam,
1491 1372 1596 1420 quae
1631 1356 1908 1421 concipiens

483 1433 669 1497 peperit
705 1430 875 1478 filium.
909 1432 1002 1479 Sed
1041 1442 1086 1479 et
1127 1432 1354 1497 deinceps
1386 1432 1504 1479 alios
1538 1433 1719 1479 habuit.
1763 1432 1907 1489 Quod

484 1526 583 1556 non
611 1507 867 1571 ambigitur
893 1508 987 1554 hoc
1008 1509 1181 1555 virtute
1204 1509 1353 1555 sancti
1382 1509 1642 1572 praestitum
1666 1510 1779 1555 huic
1805 1510 1907 1554 viro

486 1586 645 1632 fuisse.
669 1588 1010 1632 Verumtamen
1035 1602 1134 1632 non
1159 1586 1412 1650 refragavit
1434 1588 1639 1651 acceptis
1667 1586 1772 1632 filiis
1797 1603 1907 1651 pro-

485 1662 761 1709 missionem
786 1662 935 1709 homo
964 1662 1059 1724 ille,
1090 1662 1174 1709 sed
1203 1663 1271 1710 eis
1296 1663 1387 1710 alia
1416 1662 1522 1710 loca
1547 1664 1781 1723 tribuenS,
1807 1680 1911 1727 quae

486 1741 695 1806 primum
719 1751 884 1788 sancto
907 1740 1103 1804 largitus
1120 1740 1270 1788 fuerat
1292 1740 1609 1789 confirmavit.
1868 1766 1878 1784 κ

1077 1898 1235 1933 CAPUT
1260 1898 1345 1934 XII.

851 1995 903 2029 De
922 2007 1011 2029 caeca
1031 1994 1127 2042 apud
1147 1995 1411 2029 Turnacensem
1427 1995 1561 2030 villam.

555 2076 693 2141 Apud
729 2079 1081 2126 Turnacensem
1103 2081 1115 2103 ¹
1151 2095 1267 2126 vero
1308 2080 1616 2126 Cenomanici
1637 2081 1651 2103 ²
1688 2079 1911 2126 territorii

491 2153 667 2213 villam,
693 2171 799 2218 quae
822 2172 951 2203 nunc
974 2157 1022 2203 in
1048 2156 1196 2220 ipsius
1225 2167 1398 2203 sanctae
1421 2157 1623 2204 basilicae
1649 2156 1913 2203 ditionibus

489 2231 736 2292 retinetur,
765 2232 938 2280 mulier
959 2233 1178 2297 quaedam
1201 2233 1428 2280 diuturna
1461 2234 1667 2281 caecitate
1691 2234 1882 2281 detenta
1898 2271 1909 2290 ‚

542 2426 597 2473 (1)
618 2423 718 2463 Editi
744 2433 821 2463 tres
846 2439 932 2464 cum
963 2425 1089 2474 Clar.‚
1122 2428 1403 2463 Tornacensem.
1437 2424 1545 2463 Clict.
1562 2453 1573 2473 ‚
1612 2427 1911 2464 Turonicensem.

489 2488 598 2529 colb.
626 2498 714 2535 tut..
737 2490 776 2528 in
804 2491 930 2529 indice
960 2491 1143 2542 capitum,
1180 2494 1430 2531 Tornacesim.
1463 2492 1605 2529 Omnes
1632 2491 1789 2529 omnino
1819 2505 1909 2530 mss,

489 2554 633 2594 habent
650 2557 793 2597 villam.
816 2556 890 2595 Sed
909 2556 986 2604 hic,
1007 2564 1045 2594 et
1064 2556 1201 2607 saepius
1220 2557 1327 2602 alias,
1350 2556 1454 2608 apud
1474 2556 1720 2609 Gregorimn,
1738 2556 1804 2595 ubi
1821 2572 1909 2595 mss.

489 2619 633 2659 habent
661 2621 811 2668 villam,
838 2620 928 2658 editi
956 2620 1082 2658 urbem
1111 2629 1387 2673 apposuerunt.
1424 2624 1502 2669 (R.)
1536 2643 1589 2651 —
1614 2623 1718 2660 2204
1749 2631 1786 2660 ct
1809 2624 1913 2660 5334

494 2684 772 2724 Turnacensim.

546 2759 599 2804 (2)
622 2757 916 2807 Cinnonnnmict,
933 2758 1040 2809 Sag„
1060 2758 1185 2804 Cott.;
1209 2760 1477 2797 cenomannici
1500 2759 1620 2802 3801,
1649 2759 1767 2809 5326,
1793 2760 1910 2796 5329.
