2028 3458
404 363 453 398 82
638 362 704 397 DE
734 360 1020 398 VIRTU'I'IBUS
1047 358 1220 397 SANcrl
1247 359 1581 397 MART1N1.—1.

402 450 662 516 hospitiolo
685 466 774 497 suo
808 465 899 514 pro
922 447 1186 496 salvatione
1215 447 1466 495 retinebat.
1494 448 1617 509 Sed,
1650 448 1816 507 credo,

400 529 513 592 quia
543 545 641 576 non
672 528 738 575 sic
764 525 1128 586 honorabatur,
1162 535 1246 597 aut
1282 525 1594 591 diligebatur,
1638 535 1691 573 ut
1730 524 1820 572 sibi

396 606 637 666 decuerat,
659 605 802 672 coepit
823 604 1000 653 familia
1021 604 1123 668 ejus
1146 605 1347 668 graviter
1365 615 1611 669 aegrotare.
1629 608 1687 652 Et
1705 621 1818 651 cum

395 686 583 750 penitus
604 684 866 731 nesciretur
891 682 1010 747 quid
1044 682 1140 730 hoc
1174 693 1324 744 esset,
1355 700 1445 731 nec
1480 682 1817 731 emendaretur

392 761 593 826 aliquid,
619 760 702 809 sed
730 760 947 826 quotidie
970 770 1189 825 ageretur
1212 760 1421 808 deterius
1438 797 1452 821 ,
1483 761 1604 808 vidit
1629 761 1678 807 in
1709 761 1815 808 visu

389 839 542 886 noctis
557 841 814 904 personam
836 838 1121 901 terribilem,
1156 838 1398 887 dicentem
1420 838 1511 886 sibi
1538 857 1549 885 ε
1575 858 1598 882 «
1619 841 1717 886 Cur
1747 839 1814 886 sic

386 926 544 964 tecum
566 918 722 982 agitur
744 916 802 963 ?»
831 918 927 974 Qui
949 917 1015 964 ait
1042 935 1052 964 :
1083 936 1107 961 «
1134 917 1310 982 Ignoro
1336 934 1533 982 prorsus
1557 917 1685 964 unde
1716 916 1812 964 hoc

382 994 594 1042 evenerit
612 1015 655 1040 2).
684 995 809 1042 Dicit
831 995 875 1042 ei
898 1011 1109 1060 persona
1135 1013 1146 1041 ε
1177 1015 1200 1038 (ι
1227 996 1460 1060 Lignum,
1486 994 1622 1059 quod
1648 994 1708 1042 de
1741 994 1810 1042 le-

378 1072 507 1120 ctulo
542 1072 712 1120 domni
750 1074 941 1120 Martini
984 1074 1157 1132 tulisti,
1195 1074 1491 1138 negligenter
1525 1083 1688 1121 tecum
1729 1072 1810 1121 hic

376 1153 552 1200 retines
568 1190 581 1214 ,
607 1151 717 1199 ideo
739 1151 841 1199 haec
863 1152 1120 1200 incurristi.
1148 1153 1242 1200 Sed
1264 1152 1388 1200 vade
1411 1169 1542 1199 nunc
1558 1189 1571 1213 ,
1603 1161 1649 1198 et
1676 1151 1809 1199 defer

372 1229 492 1277 illud
515 1230 749 1293 Gregorio
771 1229 1005 1289 diacono,
1031 1241 1079 1278 et
1101 1231 1202 1296 ipse
1218 1230 1338 1278 illud
1351 1247 1515 1278 secum
1534 1230 1754 1278 retineat.
1777 1251 1799 1274 »

373 1309 431 1354 At
459 1307 536 1354 ille
568 1307 688 1354 nihil
723 1317 936 1355 moratus
969 1308 1088 1354 mihi
1122 1307 1355 1355 exhibuit.
1391 1307 1537 1366 Quod
1570 1324 1659 1371 ego
1688 1324 1801 1354 cum

371 1401 555 1431 summa
576 1385 883 1432 veneratione
907 1385 1162 1433 collectum
1190 1385 1301 1433 loco
1325 1385 1473 1450 digno
1498 1386 1713 1451 reposui.
1741 1387 1802 1430 Et

369 1461 436 1509 sic
453 1463 610 1509 omnis
630 1462 807 1511 familia
828 1464 878 1510 in
903 1463 1052 1511 domo
1069 1463 1172 1527 ejus
1190 1474 1356 1511 sanata
1378 1473 1473 1525 est,
1495 1464 1560 1511 ita
1579 1473 1632 1510 ut
1654 1478 1802 1510 nemo

367 1538 548 1588 ibidem
570 1540 798 1606 deinceps
818 1540 1003 1606 aliquid
1026 1541 1139 1589 mali
1163 1541 1416 1606 perferret.

919 1696 1078 1732 CAPUT
1102 1696 1276 1732 XXXVI.

672 1784 783 1829 Quod
796 1785 907 1821 virtus
925 1787 1000 1833 ejus
1018 1786 1123 1821 nobis
1137 1785 1302 1821 inimicos
1318 1786 1487 1821 inhibuit.

436 1875 631 1918 Factum
653 1880 725 1918 est
745 1879 904 1918 autem
928 1871 1141 1935 quodam
1165 1881 1408 1936 tempore,
1433 1881 1486 1918 ut
1517 1871 1801 1918 visitationis

372 1948 531 1997 studio
554 1948 616 1996 ad
636 1947 959 1996 venerabilem
980 1959 1185 1996 matrem
1209 1966 1368 1996 meam
1392 1950 1441 1996 in
1472 1949 1798 2012 Burgundiam

372 2026 686 2073 ambularem.
706 2029 828 2072 Cum
853 2036 1014 2072 autem
1045 2027 1184 2073 silvas
1204 2026 1308 2074 illas
1332 2044 1437 2091 quae
1467 2036 1597 2073 trans
1620 2027 1798 2074 Berbe-

373 2104 498 2149 rem¹
526 2102 726 2148 fluvium
754 2102 851 2148 sitae
884 2111 995 2148 sunt
1031 2103 1351 2166 praeterirem,
1390 2103 1598 2151 latrones
1634 2105 1796 2152 incur-

373 2180 538 2226 rimuS.
577 2179 671 2236 Qui
698 2178 1050 2227 circumdantes
1081 2197 1194 2239 nos,
1233 2180 1463 2228 volebant
1498 2182 1705 2247 spoliare
1749 2193 1795 2230 et

368 2257 657 2305 interficere.
678 2258 811 2303 Tunc
838 2273 927 2321 ego
944 2256 1005 2303 ad
1029 2258 1202 2305 auxilia
1226 2269 1456 2306 consueta
1488 2260 1792 2323 confugiens,

372 2333 523 2381 sancti
584 2333 771 2380 Martini
827 2334 1096 2399 praesidium
1146 2335 1438 2399 flagitabam.
1491 2338 1637 2396 Quod
1675 2339 1794 2386 mihi

371 2412 591 2476 protinus
633 2410 885 2474 dignanter
921 2413 1162 2475 assistens,
1210 2414 1274 2460 ita
1305 2432 1387 2462 eos
1422 2418 1702 2474 conterruit,
1739 2427 1793 2464 ut

372 2488 491 2535 nihil
525 2498 692 2536 contra
722 2506 811 2535 nos
844 2506 983 2553 agere
1018 2501 1231 2556 possent.
1274 2493 1367 2540 Sed
1395 2511 1529 2541 versa
1563 2495 1666 2542 vice
1707 2497 1790 2560 qui

370 2576 599 2614 venerant
629 2577 683 2613 ut
716 2567 1020 2631 timerentur,
1059 2571 1227 2618 timere
1258 2583 1534 2637 coeperunt,
1570 2585 1617 2622 et
1644 2592 1787 2622 cursu

367 2645 666 2693 velocissimo
694 2644 871 2709 fugere.
910 2647 1005 2695 Sed
1029 2665 1118 2712 ego
1152 2666 1252 2696 non
1290 2650 1548 2699 immemor
1584 2652 1787 2718 apostoli

417 2811 472 2857 (4)
493 2807 651 2859 Aliquot
669 2821 760 2846 mss.
785 2807 899 2856 (inter
917 2821 1014 2859 quos
1036 2811 1155 2857 3801,
1178 2812 1298 2860 5334,
1321 2814 1440 2862 5359)
1471 2813 1693 2859 Verberem3
1718 2809 1782 2849 alii

362 2875 499 2925 (5329,
519 2876 638 2923 5335)
663 2873 878 2922 Berberim;
900 2876 1001 2914 Cott.
1021 2876 1230 2918 Herbcrim.
