2028 3458
444 252 522 289 400
807 250 872 286 DE
901 247 1093 285 GLORIA
1121 245 1493 284 CONFESSORUM.

447 339 608 387 minici
648 336 949 384 confessoris.
1002 338 1319 399 Egressusque
1338 369 1353 396 ,
1402 334 1730 400 presbyterum
1779 333 1862 396 qui

445 416 609 465 aderat
641 424 762 461 nutu
797 412 1159 478 deprecabatur,
1186 422 1238 459 ut
1259 413 1447 476 signum
1475 412 1626 459 crucis
1651 409 1864 458 faucibus

445 494 614 541 clausis
630 492 914 556 imponeret.
934 489 1078 549 Quod
1092 506 1203 536 cum
1218 489 1464 554 presbyter
1480 490 1677 549 fecisset,
1692 488 1862 535 iterum

444 569 758 636 prosternitur
779 568 839 615 ad
865 568 1159 627 orationem3
1185 568 1496 631 protinusque
1523 567 1748 623 elevatus,
1779 580 1864 611 vo-

444 648 511 695 cis
537 646 697 694 officio
729 645 935 707 reddito,
963 644 1126 691 omnia
1147 660 1253 708 quae
1279 645 1537 709 pertulerat
1559 643 1755 709 proprio
1779 657 1861 707 pa—

444 724 600 771 tefecit
622 724 833 787 eloquio.

1003 834 1159 870 CAPUT
1183 834 1301 870 XXX.

770 931 822 965 De
838 938 959 965 sancto
976 929 1177 965 Stremonio
1194 929 1363 975 episcopo
1376 929 1550 963 Arverno.

512 1058 601 1103 Per
617 1064 834 1102 sanctum
854 1056 982 1103 enim
997 1054 1357 1111 Stremonium¹,
1375 1054 1457 1118 qui
1477 1063 1523 1100 et
1538 1053 1640 1117 ipse
1656 1068 1684 1099 a
1703 1054 1870 1099 Roma-

446 1132 521 1179 nis
542 1133 778 1197 episcopis
798 1149 910 1179 cum
929 1132 1131 1179 Gatiano
1150 1124 1423 1179 beatissimo
1446 1140 1493 1178 et
1511 1131 1720 1194 reliquis,
1747 1145 1870 1193 quos

448 1211 836 1270 memoravimus,
870 1219 940 1256 est
972 1209 1197 1269 directus,
1231 1209 1441 1274 primum
1472 1211 1679 1255 Arverna
1709 1207 1872 1254 civitas

449 1288 647 1336 verbum
687 1289 849 1335 salutis
886 1287 1093 1352 accepit,
1144 1304 1298 1350 eoque
1336 1286 1623 1351 praedicante
1660 1285 1872 1331 Salutare

448 1362 618 1409 mundi
656 1362 1120 1427 Redemptoremque
1159 1361 1377 1408 omnium
1410 1359 1650 1407 Christum
1680 1360 1766 1405 Dei
1798 1359 1872 1405 Fi-

447 1439 566 1487 lium
583 1439 778 1486 credere
797 1440 938 1504 cepit.
966 1439 1116 1502 Hujus
1142 1449 1302 1486 autem
1319 1437 1590 1502 sepulcrum
1610 1436 1738 1501 apud
1756 1436 1872 1483 Icio-

449 1516 701 1564 dorensem
717 1519 730 1541 ²
749 1517 905 1563 vicum
931 1515 1135 1562 habetur
1156 1533 1166 1561 z
1196 1515 1257 1562 ad
1277 1515 1411 1579 quod
1437 1514 1588 1562 cruda
1611 1515 1866 1573 rusticitaS,

448 1594 558 1641 licet
576 1595 730 1642 sciens
742 1593 875 1657 quod
900 1594 1180 1657 quiesceret,
1201 1592 1389 1639 nullum
1411 1602 1571 1639 tamen
1590 1591 1658 1638 ibi
1681 1591 1874 1638 exhibe-

448 1667 532 1715 bat
567 1668 768 1715 honoris
800 1667 1000 1715 cultum.
1041 1670 1153 1715 Post
1182 1667 1447 1731 longinqua
1484 1683 1599 1713 vero
1634 1682 1873 1713 annorum

451 1743 703 1802 curricula,
720 1743 949 1790 Cautinus
966 1743 1049 1806 qui
1068 1743 1215 1808 ipsius
1232 1745 1451 1789 Arvernae
1472 1741 1604 1789 urbis
1623 1742 1875 1806 episcopus

451 1821 589 1869 datus
609 1830 697 1882 est,
721 1821 771 1867 in
795 1820 1052 1869 diaconatu
1084 1838 1171 1869 suo
1203 1821 1449 1869 ecclesiam
1471 1820 1566 1867 vici
1587 1819 1711 1867 illius
1736 1819 1872 1865 rexit.

451 1895 597 1958 Igitur
624 1895 741 1943 dum
767 1905 908 1942 nocte
926 1895 1134 1959 quadam
1157 1895 1206 1942 in
1231 1895 1406 1942 lectulo
1430 1893 1608 1941 cellulae
1634 1910 1746 1954 suae,
1771 1908 1875 1956 quae

450 1972 563 2021 huic
583 1973 785 2020 basilicae
809 1973 1096 2034 adhaerebat,
1120 1972 1446 2032 decumberet,
1474 1971 1656 2019 audivit
1671 1970 1875 2035 psallen-

453 2052 572 2099 tium
609 2053 744 2116 quasi
778 2069 951 2117 parum
973 2051 1306 2098 resonantibus
1331 2049 1532 2098 vocibus
1563 2065 1575 2095 z
1609 2058 1656 2094 et
1678 2063 1876 2110 surgens

452 2129 573 2176 vidit
595 2129 828 2194 templum
853 2145 1026 2192 magno
1052 2128 1332 2194 splendente
1356 2127 1554 2186 lumine,
1576 2135 1624 2172 et
1646 2124 1876 2189 obstupe-

455 2202 604 2250 factus
639 2203 808 2268 aspicit
843 2203 1146 2264 intrinsecus,
1187 2212 1289 2249 erat
1329 2201 1458 2248 enim
1500 2199 1671 2247 cellula
1710 2198 1790 2245 illa
1827 2198 1876 2244 in

455 2281 698 2346 superiore
733 2290 900 2328 contra
947 2281 1171 2328 fenestras
1205 2278 1395 2344 templi3
1444 2287 1491 2324 et
1534 2276 1651 2324 vidit
1683 2287 1729 2324 et
1769 2293 1877 2323 ecce

455 2357 581 2405 circa
597 2357 836 2404 tumulum
857 2356 1115 2403 multitudo
1133 2354 1402 2404 albatorum
1414 2354 1681 2401 tenentium
1695 2369 1875 2411 cereos,

457 2444 503 2482 et
522 2434 839 2501 psallentium.
868 2434 1012 2492 Quod
1038 2433 1301 2482 diutissime
1327 2449 1545 2493 cernens,
1571 2448 1680 2478 cum
1702 2430 1877 2478 disces-

457 2512 640 2573 sissent,
681 2513 839 2561 statim
873 2512 997 2559 facto
1029 2527 1190 2571 mane,
1225 2511 1359 2574 jussit
1390 2510 1629 2558 tumulum
1665 2509 1878 2557 cancello

511 2681 567 2734 (1)
596 2685 914 2730 Austremonitmt,
932 2685 1051 2721 2791.

514 2746 568 2793 (2)
596 2747 877 2796 Iciodoaensim‚
901 2748 1020 2785 2791.
