2028 3458
440 320 517 357 128
651 319 719 355 DE
746 317 1037 355 VIRTUTIBUS
1067 315 1242 353 SANCTI
1269 316 1496 355 MARTINI.
1518 337 1572 345 —-
1593 317 1643 354 11.

438 404 503 452 ad
526 403 715 452 beatam
739 404 959 451 cellulam
979 402 1120 451 valde
1146 403 1322 452 devota
1343 405 1578 471 pervenit.
1606 407 1723 463 Quae
1746 405 1864 469 vigi-

437 480 511 530 liis
544 492 592 530 et
635 480 932 529 orationibus
964 481 1216 543 insistens,
1250 499 1363 532 cum
1399 482 1720 542 matriculam,
1758 498 1866 546 quae

438 557 620 606 ibidem
657 568 944 623 congregata
981 568 1069 619 est,
1106 569 1349 624 pasceret,
1385 559 1574 608 aridum
1610 558 1866 607 brachium

436 652 546 684 cum
571 637 828 685 contractis
860 637 1020 701 digitis
1050 652 1225 685 sanum
1248 638 1418 686 extulit
1458 638 1520 686 ad
1542 637 1862 686 miscendum.

435 716 492 760 Et
536 715 605 762 sic
647 724 748 762 tota
795 715 873 762 die
912 715 1178 764 benedictis
1218 716 1511 783 pauperibus
1558 717 1859 776 deserviens,

433 808 597 856 sospes
625 794 855 844 remeavit
886 793 950 840 ad
987 794 1199 859 propria.
1229 796 1338 842 Haec
1366 795 1413 841 in
1448 804 1694 860 posterum
1725 794 1863 842 annis

432 869 626 933 singulis
644 870 896 918 antedictis
918 870 1145 919 fratribus
1169 872 1450 919 alimentum
1469 872 1711 920 sufficiens
1729 872 1861 920 exhi-

430 945 592 995 bebat.
619 951 816 996 Factum
836 958 906 996 est
927 959 1088 998 autem
1106 988 1117 1010 ,
1135 960 1188 997 ut
1213 950 1422 1015 quadam
1443 951 1546 997 vice
1564 967 1661 997 una
1682 950 1860 1015 puella-

430 1042 538 1072 rum
568 1043 762 1074 suarum
800 1027 924 1075 male
953 1045 978 1075 a
1013 1030 1234 1093 quartani
1267 1029 1366 1094 typi
1399 1028 1529 1076 febre
1563 1038 1855 1093 quateretur.

431 1106 562 1151 Dum
584 1114 745 1152 autem
774 1106 1044 1155 secundum
1073 1106 1474 1154 consuetudinem
1497 1107 1710 1166 veniens,
1740 1122 1862 1171 pau-

429 1181 625 1246 peribus
662 1182 753 1230 illis
787 1183 1049 1232 exhibebat
1080 1186 1290 1245 victum,
1324 1185 1476 1232 sancti
1508 1185 1598 1232 viri
1634 1183 1861 1249 implorat

428 1258 674 1307 auxilium.
715 1263 774 1308 Et
806 1278 893 1326 per
929 1272 1137 1327 quatuor
1166 1263 1268 1310 dies
1305 1262 1366 1310 ad
1405 1259 1595 1311 beatam
1636 1261 1858 1309 cellulam

428 1338 792 1387 continuatione
828 1342 1062 1390 orationis
1098 1352 1244 1407 atque
1269 1342 1463 1407 jejuniis
1496 1341 1765 1396 decubans,
1795 1339 1856 1387 ab

428 1415 563 1461 omni
600 1415 733 1465 febre'
760 1428 923 1467 sanata
959 1420 1147 1487 puella,
1184 1437 1296 1469 cum
1329 1421 1507 1469 familia
1546 1418 1857 1483 magnificans

429 1493 584 1540 Deum
607 1494 810 1543 domum
836 1514 1047 1563 regressa
1070 1508 1156 1546 est.

979 1635 1135 1673 CAPUT
1160 1638 1288 1674 XXIII
1295 1665 1304 1674 .

972 1735 1024 1768 De
1039 1734 1186 1770 Vinaste
1204 1747 1311 1770 caeco.

489 1831 616 1878 Talia
653 1847 879 1878 exercens
908 1829 1124 1895 quidam,
1157 1830 1396 1878 Vinastis¹
1431 1829 1651 1887 nomine,
1688 1827 1852 1875 lumen

423 1909 618 1974 recepit,
644 1908 760 1955 dum
782 1906 958 1956 scilicet
978 1908 1273 1974 pauperibus
1298 1908 1390 1955 illis
1410 1907 1563 1954 victus
1588 1905 1853 1953 necessaria

424 1986 725 2033 ministravit.
766 1987 854 2033 Hic
889 1996 1050 2034 autem
1088 1987 1295 2033 caecitate
1334 1986 1540 2033 maxima
1575 2000 1662 2049 per
1699 2000 1852 2030 annos

422 2062 653 2127 plurimos
695 2073 1001 2127 aggravatus,
1042 2063 1250 2110 habebat
1290 2064 1339 2110 in
1374 2061 1749 2119 consuetudine,
1798 2070 1852 2107 ut

422 2142 619 2189 veniens
642 2141 701 2188 de
724 2142 924 2204 regione
948 2157 1031 2188 sua
1049 2141 1110 2188 ad
1130 2141 1415 2188 antedictam
1436 2139 1584 2187 sancti
1608 2138 1847 2198 cellulam,

422 2217 714 2283 pauperibus
751 2218 840 2265 illis
873 2219 1219 2283 amplissimum
1259 2218 1538 2265 alimentum
1571 2215 1845 2276 exhiberet,

421 2296 686 2360 vigiliisque
732 2295 1037 2343 devotissime
1086 2296 1364 2356 celebratis,
1415 2313 1497 2343 eos
1540 2296 1586 2341 in
1635 2294 1847 2342 satietate

421 2374 636 2422 reficeret
659 2390 670 2421 :
700 2374 875 2438 quibus
897 2376 1016 2440 ipse,
1048 2375 1180 2438 juxta
1201 2375 1588 2440 possibilitatem,
1615 2383 1846 2437 tanquam

423 2451 627 2500 famulus
663 2452 910 2500 serviebat.
952 2456 1079 2499 Dum
1117 2454 1261 2516 igitur
1296 2453 1397 2500 haeo
1430 2470 1516 2517 per
1547 2452 1755 2508 multOS,
1794 2460 1846 2498 ut

422 2529 645 2590 diximus,
662 2547 816 2578 annos
829 2531 1144 2596 impenderet,
1162 2532 1370 2596 quadam
1382 2532 1483 2578 vice
1497 2531 1695 2597 impleto
1707 2540 1841 2589 voto,

421 2608 707 2673 servitioque
742 2608 915 2669 simul,
950 2611 1266 2674 prosternitur
1297 2610 1358 2657 ad
1394 2609 1659 2657 cancellum
1694 2609 1843 2656 sancti

473 2762 526 2809 (1)
558 2759 620 2801 Si'c
652 2761 882 2800 vetustiores
905 2775 1025 2811 mSS.;
1059 2764 1124 2802 alii
1155 2767 1329 2804 Vivastus
1360 2774 1427 2805 aut
1458 2769 1652 2805 Vinastus.
1686 2765 1770 2814 (R.)
1788 2784 1842 2793 -

421 2826 540 2874 5326,
565 2828 692 2875 5329,
716 2829 836 2879 5335,
857 2830 946 2881 Sag.
970 2832 1092 2868 Vasti.
