2028 3458
493 310 543 346 64
716 310 782 347 DE
810 308 1104 346 VIRTUTIBUS
1135 308 1307 345 SANCTI
1338 308 1679 348 MART1N1.-1.

493 396 623 444 venit
655 396 717 444 ad
751 406 961 444 sanctam
990 394 1264 458 basilicam,
1305 407 1353 444 et
1386 398 1593 445 orationi
1633 398 1919 446 incumbens

492 491 579 540 per
608 473 731 522 duos
762 484 845 523 aut
877 484 971 522 tres
996 491 1203 535 menses,
1229 492 1258 524 a
1281 473 1424 524 beato
1450 478 1658 525 antistite
1682 478 1914 539 visitatus,

491 552 718 600 membris
741 551 977 600 debilibus
999 553 1252 601 sanitatem
1271 552 1489 603 obtinere
1506 557 1774 622 promeruit
1802 575 1811 602 :
1836 557 1919 621 qui

491 641 656 696 postea
678 629 901 678 antedicti
923 631 1046 695 regis
1069 631 1361 681 domesticus
1380 633 1484 696 fuit,
1510 634 1755 700 multaque
1770 634 1917 682 bene-

494 706 596 754 ficia
619 707 801 773 populo
818 709 1058 756 Turonico
1089 709 1161 757 vel
1184 711 1501 760 servientibus
1528 711 1679 760 beatae
1707 711 1913 759 basilicae

493 785 790 832 ministravit.

1036 909 1195 945 CAPUT
1223 910 1361 945 XXVI.

995 1014 1051 1050 De
1067 1015 1237 1062 Aquilino
1255 1023 1407 1052 amente.
1479 1048 1481 1051 .

557 1115 770 1164 Narrabo
793 1125 840 1163 et
856 1115 995 1178 illud,
1012 1117 1216 1182 qualiter
1234 1118 1483 1166 diabolicae
1509 1119 1621 1166 artis
1643 1118 1839 1166 insaniae
1854 1116 1915 1164 ad

491 1194 591 1258 ejus
621 1193 866 1251 basilicam
898 1194 1224 1244 denudentur.
1265 1196 1500 1256 Quidam,
1538 1196 1787 1260 Aquilinus
1817 1213 1917 1243 no-

492 1273 638 1332 mine,
651 1272 768 1319 dum
781 1273 1087 1321 venationem
1100 1291 1212 1321 cum
1227 1285 1361 1341 patre
1377 1292 1465 1323 suo
1479 1276 1527 1322 in
1545 1275 1674 1322 silvis
1690 1275 1918 1321 Franciae¹

493 1360 747 1412 exerceret,
773 1346 1012 1416 pavorem'
1031 1353 1311 1416 pessimum,
1334 1353 1533 1400 inimico
1557 1352 1829 1411 insidiante,
1854 1353 1921 1397 in-

493 1429 655 1475 currit.
685 1430 798 1475 Erat
821 1429 951 1476 enim
974 1429 1018 1476 ei
1039 1439 1219 1476 tremor
1242 1429 1420 1491 cordis,
1448 1440 1496 1477 et
1518 1430 1701 1477 interea
1724 1428 1921 1476 videba-

495 1516 571 1553 tur
601 1510 868 1554 exsensus’.
912 1510 1134 1555 Parentes
1175 1525 1291 1556 vero
1324 1509 1428 1572 ejus
1463 1507 1779 1571 intelligentes
1807 1523 1918 1553 eum

494 1583 673 1631 diaboli
696 1585 992 1632 immissione
1010 1585 1210 1646 turbari,
1240 1596 1292 1633 ut
1316 1603 1423 1633 mos
1442 1586 1730 1633 rusticorum
1751 1584 1916 1641 habet,

494 1677 522 1709 a
545 1655 777 1726 sortilegis
798 1672 845 1710 et
867 1663 1026 1711 ariolis
1048 1663 1308 1727 ligamenta
1329 1665 1373 1711 ei
1409 1673 1457 1711 et
1487 1663 1711 1729 potiones
1736 1661 1922 1709 defere-

493 1738 627 1788 bant.
654 1740 748 1788 Sed
771 1757 883 1788 cum
907 1740 1027 1788 nihil
1045 1742 1259 1789 valerent
1277 1759 1334 1790 ex
1358 1758 1512 1801 more,
1528 1741 1595 1788 illi
1617 1741 1770 1788 sancti
1788 1743 1923 1787 Mar-

496 1816 581 1861 tini
605 1815 778 1864 auxilia
810 1817 1039 1882 prompti,
1074 1816 1246 1864 dolore
1275 1827 1497 1881 cogente,
1535 1817 1805 1880 requirunt,
1849 1815 1923 1862 di—

495 1903 655 1941 centes
679 1911 688 1939 :
719 1914 742 1938 «
769 1895 928 1941 Potest
945 1894 1024 1942 hic
1048 1895 1332 1942 insidiarum
1355 1895 1540 1942 nudare
1564 1894 1814 1953 malitiam,
1836 1894 1923 1957 qui

496 1970 672 2018 detexit
684 1971 908 2020 umbram
929 1972 1149 2033 multam,
1171 1983 1222 2020 ut
1242 1972 1532 2034 audivimuS,
1549 1971 1665 2019 falso
1680 1971 1923 2035 religionis

498 2049 694 2097 nomine
734 2050 999 2098 adoratam.
1047 2071 1070 2095 >³
1106 2053 1263 2109 Quem
1295 2051 1356 2098 de
1392 2051 1588 2114 regione
1622 2058 1923 2097 commotum

499 2126 731 2175 miserunt
762 2129 823 2176 ad
853 2139 1067 2177 sanctam
1091 2128 1380 2189 basilicam,
1428 2129 1591 2193 ibique
1619 2129 1668 2175 in
1706 2128 1926 2175 oratione

500 2225 611 2255 cum
633 2226 821 2259 summa
841 2210 1070 2276 parcitate
1092 2227 1142 2258 se
1165 2211 1438 2269 continens,
1465 2227 1610 2274 opem
1633 2210 1784 2257 sancti
1809 2225 1926 2274 pos-

500 2284 639 2332 cebat
668 2286 870 2334 assidue.
901 2290 1119 2351 Cumque
1154 2287 1203 2335 in
1237 2287 1327 2335 hac
1362 2286 1457 2334 fide
1489 2286 1671 2333 diutius
1705 2303 1925 2333 commo-

501 2372 630 2409 ratus
647 2362 711 2410 ibi
737 2364 911 2426 fuisset,
936 2366 1070 2412 omni
1090 2381 1269 2431 pavore
1295 2365 1511 2429 dempt0‚
1539 2381 1730 2411 sensum
1765 2373 1816 2410 ut
1840 2363 1925 2409 ha-

502 2439 668 2488 buerat
692 2452 818 2501 ante,
844 2445 1038 2509 recepit,
1065 2444 1321 2508 oblitisque
1345 2442 1621 2507 parentibus
1648 2443 1696 2488 in
1722 2458 1779 2488 eo
1816 2441 1925 2487 loco

506 2538 654 2586 usque
677 2522 822 2572 hodie
843 2541 932 2590 pro
951 2525 1189 2574 beneficio
1205 2536 1403 2591 accepto
1429 2524 1652 2572 deservit.

557 2742 614 2788 (l)
631 2742 748 2787 Coit„
769 2756 835 2779 suo
855 2752 892 2779 et
910 2756 995 2794 rege
1018 2745 1185 2781 ancie.
1207 2745 1265 2792 (2)
1285 2745 1376 2782 Mss.
1400 2742 1487 2790 alii,
1506 2756 1556 2780 ex
1577 2755 1708 2787 sensu,
1730 2743 1914 2776 exsensis.
