2028 3458
748 244 768 251 s

404 338 453 376 78
620 335 687 374 DE
713 332 1005 372 VIRTUTIBUS
1032 330 1185 368 SANCT
1187 329 1204 366 1
1231 327 1454 365 MARTINI.
1483 346 1534 355 ——
1556 328 1585 365 1.

403 427 577 475 dimur.
606 422 903 471 Praecedente
924 436 1039 482 ergo
1070 417 1287 483 praesidio
1322 414 1516 480 gloriosi
1538 413 1732 475 domui,
1757 411 1820 461 ad

406 504 647 552 basilicam
671 501 770 564 ejus
791 497 1091 546 advenimus.

918 635 1076 673 CAPUT
1099 636 1279 671 XXXIII.

851 723 904 757 De
925 721 1052 756 clerico
1078 729 1200 756 nostro
1218 729 1368 756 amente.

469 815 539 859 Eo
560 820 780 875 tempore
795 825 919 856 unus
941 825 995 856 ex
1021 807 1202 855 clericis
1227 807 1362 868 meis,
1389 803 1714 853 Armentarius
1738 819 1825 850 no-

410 890 559 950 mine,
592 887 718 935 bene
748 885 959 934 eruditus
989 886 1040 933 in
1077 884 1403 951 spiritualibus
1437 882 1712 948 scripturis,
1748 882 1825 929 cui

405 976 501 1014 tam
523 964 658 1012 facile
673 973 774 1012 erat
789 980 1023 1013 sonorum
1043 963 1401 1012 modulationes
1430 960 1794 1027 apprehendere
1812 996 1823 1017 ‚

406 1054 458 1092 ut
479 1060 588 1092 eum
612 1059 711 1090 non
749 1052 942 1108 putares
976 1041 1072 1090 hoc
1106 1041 1350 1101 meditari,
1386 1038 1472 1087 sed
1502 1038 1739 1097 scribere3
1779 1037 1827 1083 in

405 1121 596 1169 servitio
620 1119 760 1167 valde
795 1130 1041 1181 strenuus,
1073 1129 1121 1167 et
1153 1120 1202 1166 in
1241 1118 1501 1166 commisso
1536 1115 1707 1164 fidelis.
1741 1114 1829 1160 Hic

406 1214 543 1260 vero,
569 1196 810 1245 inficiente
832 1213 1021 1245 veneno
1052 1213 1080 1244 a
1110 1196 1312 1262 pustulis
1335 1195 1471 1242 malis
1495 1210 1691 1241 omnem
1716 1208 1830 1239 sen-

409 1293 515 1324 sum
531 1275 824 1341 perdiderat,
847 1285 894 1322 et
913 1276 978 1323 ita
995 1274 1217 1322 redactus
1240 1274 1394 1321 fuerat
1418 1282 1472 1320 ut
1496 1271 1618 1319 nihil
1639 1271 1831 1337 penitus

407 1365 487 1403 aut
507 1353 768 1418 intelligere
799 1361 978 1419 posset,
1015 1357 1098 1400 aut
1128 1339 1283 1418 agere.
1320 1351 1474 1399 Tertia
1505 1360 1666 1397 autem
1689 1357 1832 1395 nocte

407 1436 676 1498 postquam'
694 1430 979 1479 advenimus
1001 1430 1064 1479 ad
1088 1441 1302 1479 sanctam
1333 1429 1606 1490 basilicam,
1635 1426 1832 1491 vigilare

409 1508 744 1574 disposuimus,
769 1507 904 1573 quod
926 1517 975 1555 et
995 1506 1320 1573 implevimus.
1344 1507 1484 1554 Mane
1502 1514 1665 1553 autem
1684 1503 1829 1562 facto,

409 1587 543 1651 signo
559 1586 621 1634 ad
641 1587 900 1635 matutinas
918 1596 1186 1649 commoto,
1211 1586 1390 1635 reversi
1412 1601 1578 1633 sumus
1602 1582 1664 1631 ad
1688 1592 1835 1630 meta·

411 1673 512 1711 tum
532 1680 542 1709 ε
569 1664 653 1728 qui
674 1663 859 1711 lectulis
883 1664 1200 1728 quiescentes,
1226 1680 1379 1729 usque
1400 1662 1462 1711 ad
1484 1662 1660 1709 horam
1681 1675 1835 1726 prope

411 1742 672 1789 secundam
706 1742 1042 1790 dormivimus.
1082 1742 1451 1808 Expergefactus
1491 1757 1605 1804 ergo
1623 1775 1636 1800 ,
1676 1747 1837 1786 amota

414 1820 546 1867 omni
559 1819 802 1884 languoris
824 1830 871 1868 et
893 1820 1053 1868 cordis
1075 1820 1413 1880 amaritudine,
1438 1819 1594 1867 sentio
1618 1834 1696 1865 me
1718 1816 1838 1882 pris-

413 1899 562 1947 tinam
584 1900 817 1965 recepisse
837 1900 1107 1961 sanitatem,
1130 1909 1192 1961 et,
1215 1898 1449 1964 gaudens,
1472 1914 1679 1964 puerum
1705 1894 1839 1944 fami·

415 1977 603 2038 liarem,
637 1978 718 2043 qui
754 1977 874 2024 mihi
907 1978 1130 2038 serviret,
1170 1993 1341 2025 evoco.
1377 1980 1644 2040 Exsurgens
1675 1983 1836 2021 autem

418 2055 739 2102 Armentarius
760 2054 990 2102 velociter
1011 2070 1178 2102 coram
1201 2071 1279 2102 me
1300 2055 1457 2114 stetit,
1483 2063 1532 2100 et
1552 2052 1619 2100 ait
1644 2069 1654 2098 :
1686 2070 1710 2094 (ε
1737 2052 1838 2096 Do-

419 2131 572 2193 mine,
597 2148 686 2195 ego
709 2131 891 2197 parabo
919 2131 1054 2196 quod
1073 2131 1285 2195 jusseris.
1315 2152 1338 2175 »
1367 2134 1425 2178 At
1448 2117 1537 2194 e‘go
1565 2128 1838 2176 existimans

419 2209 577 2257 adhuc
609 2226 710 2258 esse
745 2227 857 2258 eum
894 2226 1181 2257 exsensum:
1220 2229 1245 2255 «
1271 2208 1425 2266 Vade,
1464 2208 1569 2267 aio,
1606 2207 1645 2254 si
1672 2215 1835 2271 potes,

421 2303 541 2335 voca
563 2305 783 2352 puerum.
814 2309 837 2333 ι)
866 2291 924 2335 Et
947 2289 1013 2335 ait
1033 2305 1043 2334 :
1074 2309 1096 2332 α
1118 2291 1219 2352 Ego
1241 2303 1538 2351 quaecunque
1560 2285 1840 2351 praeceperis

423 2365 710 2430 adimplebo.
740 2386 762 2411 »
791 2366 1162 2432 Obstupefactus
1180 2367 1424 2429 interrogo
1443 2364 1559 2429 quid
1579 2363 1673 2410 hoc
1695 2371 1835 2409 esset.

424 2443 516 2500 Qui
540 2443 604 2489 ait
627 2460 636 2489 ε
670 2464 692 2487 ι(
719 2444 934 2509 intelligo
958 2460 1036 2491 me
1055 2443 1193 2491 valde
1218 2460 1414 2503 sanum,
1441 2442 1525 2490 sed
1551 2457 1675 2487 unus
1706 2455 1841 2486 error

425 2530 495 2567 est
509 2521 689 2580 animo,
709 2522 841 2586 quod
862 2523 1022 2569 nescio
1043 2522 1104 2569 de
1120 2538 1213 2587 qua
1231 2531 1364 2587 parte
1380 2520 1478 2567 huc
1494 2518 1788 2566 advenerim.
1813 2536 1837 2561 n

426 2600 485 2644 Et
510 2597 739 2662 incipiens
765 2600 829 2646 ita
866 2599 986 2646 mihi
1019 2598 1253 2665 impendit
1289 2598 1531 2646 servitium
1549 2634 1562 2658 ,
1593 2597 1716 2643 sicut
1741 2604 1842 2642 erat

427 2675 593 2722 solitus
616 2685 725 2722 ante
751 2677 958 2724 taedium.
987 2680 1119 2723 Tunc
1145 2692 1234 2740 ego
1256 2676 1496 2722 exsultans
1524 2682 1570 2721 et
1595 2674 1714 2720 flens
1746 2688 1841 2736 prae

429 2752 627 2818 gaudiO,
653 2755 819 2817 gratias
844 2755 1164 2820 omnipotenti
1187 2757 1290 2801 Deo
1314 2764 1411 2801 tam
1443 2769 1533 2819 pro
1571 2767 1668 2806 me,
1694 2766 1840 2814 quam

430 2848 517 2897 pro
535 2830 638 2894 ipso
654 2831 822 2894 refer-0,
838 2833 972 2898 quod
988 2831 1311 2880 intercedente
1328 2841 1533 2897 patrono
1550 2827 1839 2877 incolumem
