2028 3458
469 304 518 342 38
681 304 744 340 DE
772 302 1066 340 VIRTUTIBUS
1095 301 1268 338 SANCTI
1297 299 1523 336 MARTINI.
1543 319 1595 324 —
1614 298 1646 334 Ι.

466 391 686 440 infantuli
706 391 1015 448 medicinam,
1042 390 1268 454 inquisita
1291 387 1386 435 fide
1411 386 1661 445 catholica,
1689 402 1794 450 quae
1813 385 1890 432 ille

467 468 670 516 credidit
697 468 907 515 credam.
937 487 960 510 >›
991 470 1193 513 Pensato
1217 482 1330 528 ergo
1353 481 1470 511 auro
1496 473 1791 526 argentoque
1828 462 1890 509 ad

468 545 552 593 filii
580 546 652 593 sui
677 544 886 610 pondus,
910 544 1171 590 transmisit
1193 542 1255 590 ad
1285 541 1604 589 venerabilem
1627 540 1788 587 locum
1818 557 1891 587 se-

468 623 638 689 pulcri.
680 625 790 680 Quo
820 622 1031 686 perlato,
1072 620 1245 668 oblatis
1279 618 1559 667 muneribus
1594 628 1792 665 exorant
1830 617 1892 665 ad

467 701 594 748 beati
631 698 869 747 tumulum
903 715 992 764 pro
1026 707 1221 762 aegroto.
1255 696 1345 744 Sed
1377 696 1613 743 insidente
1648 695 1807 742 adhuc
1841 696 1890 741 in

467 779 613 844 patris
636 778 736 843 ejus
762 787 956 843 pectore
983 786 1126 838 secta,
1150 792 1250 822 non
1268 774 1500 822 continuo
1521 774 1754 837 integram
1779 774 1894 820 reci-

467 873 579 921 pere
607 856 783 903 meruit
805 855 1109 903 medicinam.
1144 854 1333 901 Reversi
1359 862 1520 899 autem
1550 852 1705 898 nuntii
1730 867 1894 899 narra-

467 944 638 982 verunt
666 935 765 997 regi
794 950 843 980 se
878 934 1051 981 multas
1075 933 1272 980 virtutes
1303 930 1365 978 ad
1393 930 1521 978 beati
1554 929 1794 976 tumulum
1819 931 1895 976 vi-

466 1012 618 1071 disse,
654 1011 900 1059 dicentes:
941 1014 1038 1058 Cur
1075 1027 1173 1058 non
1211 1019 1402 1057 sanatus
1433 1008 1572 1055 fuerit
1604 1006 1725 1053 filius
1755 1016 1889 1064 tuus,

466 1091 760 1154 ignoramus.
789 1092 846 1136 At
867 1089 943 1136 ille
973 1089 1263 1152 intelligens,
1294 1104 1395 1134 non
1427 1096 1537 1134 ante
1568 1085 1725 1133 sanari
1753 1102 1895 1148 posse

468 1167 623 1215 filium
647 1184 804 1229 suum,
820 1167 912 1213 nisi
934 1166 1164 1231 aequalem
1188 1183 1299 1213 cum
1326 1168 1463 1212 Patre
1489 1163 1706 1211 crederet
1729 1163 1896 1210 Chris-

466 1255 588 1305 tum,
616 1245 665 1291 in
700 1244 938 1292 honorem
974 1244 1102 1292 beati
1133 1244 1321 1292 Martini
1347 1241 1593 1290 fabricavit
1619 1242 1890 1300 ecclesiam;

469 1324 689 1388 miroque
713 1339 859 1388 opere
878 1339 934 1370 ea
955 1322 1193 1389 expedita,
1214 1312 1480 1388 proclamat
1500 1338 1511 1366 ι
1540 1339 1562 1363 α
1588 1321 1635 1366 Si
1657 1321 1895 1385 suscipere

470 1416 660 1448 mereor
693 1399 783 1446 viri
816 1399 931 1464 justi
968 1399 1220 1464 reliquiaS‚
1259 1397 1587 1463 quodcunque
1624 1397 1896 1444 sacerdotes

469 1477 847 1544 praedicaverint,
870 1477 1081 1525 credam.
1115 1480 1173 1523 Et
1192 1477 1259 1524 sic
1280 1477 1455 1523 iterum
1478 1490 1590 1522 suos
1612 1475 1772 1539 dirigit
1793 1491 1895 1523 ma—

466 1556 574 1620 jore
593 1572 703 1603 cum
726 1571 926 1602 munere
952 1573 964 1601 ε
994 1556 1078 1620 qui
1106 1555 1350 1602 venientes
1381 1554 1444 1601 ad
1477 1553 1672 1601 beatum
1704 1554 1892 1614 locum,

470 1633 693 1698 reliquias
708 1633 1033 1699 postulabant.
1061 1635 1278 1697 Cumque
1302 1633 1369 1679 eis
1393 1632 1677 1679 offerrentur
1700 1649 1756 1679 ex
1779 1649 1896 1679 con-

471 1711 748 1773 suetudine,
775 1711 999 1758 dixerunt
1029 1728 1040 1757 :
1074 1730 1097 1754 <c
1129 1713 1236 1758 Non
1266 1711 1332 1757 ita
1362 1709 1619 1767 faciemus,
1645 1710 1730 1757 sed
1755 1709 1897 1758 nobis

472 1805 744 1854 quaesumus
779 1788 974 1836 licentia
1016 1787 1250 1835 tribuatur
1284 1787 1528 1855 ponendi,
1578 1803 1684 1852 quae
1726 1788 1898 1835 exinde

474 1868 645 1914 iterum
665 1883 979 1915 assumamus.
998 1870 1132 1914 Tunc
1148 1876 1333 1932 partem
1350 1857 1479 1932 pallii
1498 1867 1634 1915 serici
1651 1878 1896 1933 pensatam

477 1961 619 2010 super
639 1943 835 1992 beatum
859 1945 1130 2011 sepulcrum
1146 1954 1430 2011 posuerunt,
1454 1944 1664 1993 dicentes
1688 1963 1741 2001 ες(
1761 1946 1808 1992 Si
1825 1946 1897 1992 in-

477 2022 696 2070 venimus
719 2023 917 2085 gratiam
943 2039 1116 2070 coramv
1131 2023 1341 2088 expetito
1361 2032 1585 2088 patrono,
1614 2019 1899 2088 quae'f-posui-

479 2115 585 2146 mus
616 2099 722 2164 plus
759 2100 1028 2164 insequenti
1067 2099 1364 2165 pensabunt,
1398 2110 1636 2164 eruntque
1670 2100 1812 2147 nobis
1849 2101 1896 2147 in

479 2175 865 2224 benedictionem
898 2177 1078 2242 posita,
1111 2177 1305 2242 quaesita
1331 2193 1418 2243 per
1441 2176 1605 2225 fidem.
1642 2198 1665 2221 »
1697 2177 1899 2241 Vigilata

481 2270 593 2318 ergo
618 2271 714 2302 una
740 2264 899 2317 nocte,
926 2255 1049 2303 facto
1070 2271 1237 2316 mane,
1264 2272 1370 2320 quae
1402 2265 1664 2321 posuerant
1694 2256 1900 2320 pensita-

480 2331 612 2381 bant.
639 2335 691 2380 ln
716 2334 891 2398 quibus
921 2344 1052 2382 tanta
1079 2334 1207 2382 beati
1239 2335 1328 2382 viri
1359 2335 1511 2382 infusa
1543 2345 1613 2382 est
1648 2335 1822 2399 gratia,
1848 2345 1900 2381 ut

481 2410 648 2458 tandiu
670 2411 909 2459 elevarent
935 2412 986 2459 in
1009 2411 1215 2459 sublime
1236 2428 1417 2460 aeneam
1440 2411 1611 2460 libram
1626 2450 1638 2474 ,
1664 2422 1897 2477 quantum

481 2488 656 2537 habere
677 2499 863 2555 poterat
889 2506 987 2555 quo
1017 2489 1296 2538 ascenderet
1328 2500 1653 2538 momentana.
1681 2493 1899 2555 Cumque

479 2565 669 2615 elevatae
691 2567 887 2615 fuissent
902 2567 1111 2633 reliquiae
1132 2585 1242 2616 cum
1265 2584 1439 2632 magno
1455 2568 1721 2634 triumpho,
1741 2568 1899 2615 audie-

480 2654 594 2693 runt
610 2661 751 2693 voces
772 2645 1077 2711 psallentium
1098 2647 1182 2712 qui
1204 2656 1338 2694 erant
1357 2646 1405 2693 in
1435 2646 1622 2694 civitate
1645 2645 1825 2695 detrusi
1847 2647 1895 2693 in

481 2739 738 2783 carcerem,
766 2732 814 2770 et
834 2723 1121 2772 admirantes
1152 2725 1431 2772 suavitatem
1468 2741 1727 2783 sonorum,
1754 2724 1894 2771 inter·

482 2811 652 2865 rogant
673 2801 893 2849 custodes
918 2802 1033 2866 quid
1050 2801 1143 2850 hoc
1165 2803 1314 2850 esset?
1336 2804 1431 2861 Qui
1450 2803 1671 2851 dixerunt
1693 2820 1702 2848 ε
1732 2822 1749 2846 ι
1782 2802 1900 2850 Reli-
