2028 3458
462 351 537 386 110
683 351 745 386 DE
774 349 1061 386 VIRTUTIBUS
1092 349 1261 386 SANCTI
1292 351 1512 389 MARTINI.
1534 372 1587 379 —
1606 353 1656 390 ΙΙ.

463 438 716 484 conterrita
737 454 762 482 a
785 452 986 501 pavore,
1016 452 1157 484 usum
1178 438 1317 484 unius
1340 438 1473 502 pedis
1499 438 1799 503 perdiderat3
1828 449 1874 486 et

462 517 525 563 ita
545 517 591 562 in
618 514 908 562 debilitatem
931 525 1194 574 corruerat,
1221 525 1272 562 ut
1296 515 1499 562 aliorum
1523 516 1745 564 manibus
1771 534 1873 563 sus-

464 603 721 640 tentaretur
744 601 917 651 erecta,
935 592 1087 639 sicubi
1110 593 1386 658 disponeret
1405 611 1728 658 progressura.
1759 597 1875 652 Quae

461 671 521 717 ad
552 670 677 717 beati
710 670 895 717 Martini
926 669 1071 734 pedes
1104 670 1341 736 deposita,
1373 682 1516 718 nocte
1550 682 1651 719 tota
1684 688 1875 719 cereum

462 764 605 795 manu
631 764 719 812 pro
742 734 856 793 voto
874 746 1097 806 detinuit,
1116 747 1258 794 nobis
1275 748 1322 794 in
1342 748 1533 796 basilica
1553 749 1872 813 vigilantibus.

460 828 597 872 Mane
632 835 791 872 autem
827 826 974 885 sacto,
1003 834 1137 872 moto
1170 825 1231 873 ad
1259 827 1520 874 matutinos
1545 828 1679 891 signo
1697 866 1707 884 ‚
1734 844 1879 892 super

460 902 633 968 pedem
653 902 858 950 debilem
876 903 1104 963 constitit,
1125 903 1191 951 ita
1213 913 1265 950 ut
1284 905 1417 950 omni
1434 903 1674 953 debilitate
1694 906 1873 965 sedata,

461 980 522 1028 ad
554 989 785 1027 metatum
818 997 957 1027 suum
991 981 1198 1047 propriis
1229 981 1494 1045 gressibus,
1530 982 1664 1029 nullo
1695 992 1879 1030 susten·

463 1067 608 1119 tante,
634 1057 784 1106 libera
807 1069 1056 1107 remearet.

1050 1189 1209 1224 CAPUT
1233 1189 1317 1225 ΧΠ.

961 1286 1014 1319 De
1028 1283 1250 1333 dysenterico
1269 1292 1404 1320 sanato.

530 1378 755 1436 Quodam
786 1387 946 1426 autem
981 1388 1198 1444 tempore
1236 1396 1347 1426 cnm
1382 1378 1549 1426 beatus
1587 1379 1879 1437 Germanus,

470 1457 711 1504 Parisiacae
734 1458 867 1520 urbis
886 1458 1118 1523 pontifex,
1142 1458 1203 1505 ad
1227 1458 1526 1505 festivitatem
1549 1456 1768 1504 antistitis
1791 1456 1886 1518 glo-

468 1535 581 1581 riosi
613 1535 880 1597 accederet,
921 1536 1279 1600 Ragnimodus¹
1313 1546 1428 1583 tunc
1460 1535 1719 1592 diaconus,
1755 1549 1885 1579 nunc

468 1613 739 1678 episcopus,
763 1615 813 1661 in
837 1614 1079 1661 servitium
1100 1615 1201 1678 ejus
1218 1615 1427 1674 accessit,
1451 1613 1654 1678 graviter
1673 1628 1700 1658 a
1718 1611 1887 1675 dysen-

469 1692 586 1739 teria
611 1692 854 1740 laborans.
882 1693 971 1740 Sed
1002 1692 1170 1740 beatus
1192 1695 1458 1740 Germanus
1480 1692 1611 1758 prius
1634 1691 1695 1739 ad
1726 1690 1885 1737 villam

470 1769 677 1817 ecclesiae
709 1787 828 1832 suae,
864 1787 968 1835 quae
1002 1771 1050 1817 in
1085 1771 1182 1819 hoc
1210 1772 1450 1818 territorio
1485 1771 1574 1817 sita
1604 1778 1701 1829 est,
1734 1768 1882 1815 venit.

473 1847 615 1909 [gitur
647 1864 760 1894 cum
787 1857 896 1895 ante
920 1858 1112 1896 noctem
1142 1849 1409 1912 vigiliarum
1443 1846 1753 1896 solemnitatis
1788 1845 1889 1907 ejus

469 1927 671 1973 Turonis
693 1927 918 1976 advenire
943 1929 1178 1992 coepisset,
1199 1928 1454 1976 diaconem
1473 1928 1521 1974 in
1547 1926 1660 1973 villa
1680 1923 1888 1971 residere

465 2003 620 2066 jubet,
652 2005 816 2052 dicens
845 2025 856 2052 :
887 2025 908 2048 c<
939 2008 1006 2052 Ne
1043 2005 1162 2052 forte
1192 2005 1395 2069 fatigeris
1430 2004 1610 2063 eundO,
1637 2013 1685 2049 et
1706 2000 1888 2064 aliquid

471 2080 557 2127 tibi
584 2081 793 2128 deterius
815 2083 1076 2145 contingat.
1111 2102 1134 2125 ³>
1162 2086 1220 2128 At
1243 2083 1352 2129 ille:
1383 2102 1405 2127 «
1435 2085 1673 2139 Potestas,
1700 2079 1883 2144 inquit,

472 2158 559 2204 Dei
575 2168 660 2216 est,
687 2176 791 2223 quae
817 2176 906 2205 nos
924 2159 1088 2222 jubeat
1105 2165 1241 2224 juxta
1259 2162 1483 2207 meritum
1506 2160 1604 2224 pati
1627 2177 1636 2204 :
1662 2175 1773 2204 nam
1801 2173 1889 2219 ego

474 2252 573 2282 non
598 2252 715 2282 exeo
739 2235 890 2294 aliter,
913 2236 1003 2283 nisi
1026 2236 1084 2284 ad
1106 2236 1347 2285 basilicam
1368 2238 1493 2285 beati
1516 2236 1734 2283 antistitis
1757 2251 1886 2294 eam3

475 2313 668 2360 confido
692 2315 819 2360 enim
851 2314 983 2378 quod
1018 2315 1056 2361 si
1086 2316 1323 2363 tumulum
1353 2316 1452 2379 ejus
1475 2314 1701 2377 attigero,
1736 2312 1892 2359 salvus

475 2407 576 2438 ero.
607 2411 630 2435 »
658 2394 715 2438 Et
739 2392 918 2453 statim,
946 2409 1141 2440 ascenso
1165 2395 1345 2458 equite,
1373 2394 1434 2441 ad
1463 2392 1705 2439 basilicam
1741 2391 1887 2437 venit.

476 2470 612 2516 Mane
636 2480 794 2516 autem
816 2480 1009 2535 accepta
1035 2472 1230 2535 potione
1254 2472 1313 2519 de
1338 2472 1533 2536 pulvere
1556 2469 1790 2534 sepulcri,
1818 2485 1891 2514 se-

476 2545 587 2595 data
611 2548 827 2612 protinus
849 2547 1137 2611 infirmitate,
1167 2550 1426 2597 convaluit.

533 2754 586 2799 (1)
602 2750 717 2800 Editi,
739 2754 1020 2803 Ragnimundus
1039 2753 1097 2791 vel
1119 2756 1407 2805 Regiamundus.
1422 2753 1501 2806 (R.)
1518 2775 1568 2782 —
1579 2752 1867 2804 Regnanumdus
1881 2779 1890 2796 ,

480 2818 597 2856 5801.
