2028 3458
442 296 518 332 188
656 297 719 331 1)ss
750 295 1042 331 VlRTUTIBUS
1072 295 1244 332 SANCTI
1274 296 1495 333 MARTINI.
1519 317 1572 323 —
1595 297 1646 332 11.

444 384 578 430 nervi
596 384 659 429 ita
677 382 843 429 retorsi
858 391 985 443 sunt,
1000 392 1052 429 ut
1075 399 1194 430 surae
1213 399 1353 430 crura
1372 384 1863 447 contingerent.Tunc

441 460 603 507 relicta
622 476 650 506 a
672 459 900 517 dominis,
929 458 1104 523 quibus
1129 459 1281 506 fuerat
1315 460 1478 525 inique
1501 461 1745 519 distracta,
1772 476 1865 524 pa-

442 537 644 584 trocinia
667 536 794 583 beati
816 536 994 600 expetit
1017 535 1317 584 confessoris.
1344 538 1411 584 Ad
1430 538 1565 602 cujus
1587 537 1739 585 aedem
1764 554 1863 583 non

444 613 598 659 multo
614 623 830 678 tempore
850 622 1166 672 commorata,
1183 612 1387 661 libertati
1410 614 1551 661 simul
1574 631 1629 661 ac
1653 614 1865 678 sospitati

443 690 669 738 donatur.

1021 1021 1178 1056 CAPUT
1206 1022 1281 1056 LX.

813 1115 864 1148 De
881 1115 1068 1149 oculorum
1084 1124 1117 1149 et
1134 1116 1260 1163 capitis
1274 1115 1341 1150 mei
1358 1114 1496 1151 dolore.

512 1221 570 1266 Et
597 1219 710 1283 quia
740 1220 873 1284 prior
901 1219 1090 1267 libellus
1124 1220 1185 1267 ab
1212 1237 1270 1267 eo
1296 1230 1515 1286 tempore
1554 1220 1767 1267 initiatus
1801 1228 1870 1266 est

447 1313 545 1360 quo
580 1297 805 1344 Paulinus
838 1298 1058 1360 reliquit,
1093 1307 1140 1344 et
1171 1297 1262 1344 sub
1293 1297 1609 1362 quadraginta
1646 1296 1867 1361 capitulis

447 1375 697 1423 constabat
744 1375 994 1441 impletus,
1036 1375 1269 1423 destinavi
1308 1376 1441 1423 hunc
1472 1377 1736 1439 incoeptum
1779 1372 1868 1420 sub

447 1453 689 1516 sexaginta
712 1453 973 1518 complere.
998 1453 1183 1500 Scilicet
1205 1463 1259 1500 ut
1286 1452 1453 1501 beatus
1483 1454 1717 1500 Martinus
1734 1489 1747 1512 ,
1788 1451 1870 1514 qui

450 1529 674 1577 viduatus
701 1530 762 1577 ab
796 1530 892 1577 hoc
922 1529 1106 1576 mundo
1144 1530 1427 1594 virginitatis
1458 1529 1714 1578 custodivit
1749 1529 1869 1574 inte-

449 1624 588 1671 grum
620 1607 783 1667 decus,
810 1608 1092 1672 martyrium
1115 1624 1310 1672 quoque
1340 1607 1416 1654 vel
1453 1609 1502 1654 in
1534 1606 1732 1654 occultis
1757 1605 1868 1651 insi-

449 1683 539 1731 diis
561 1684 637 1731 vel
665 1686 714 1732 in
738 1685 942 1751 publicis
967 1684 1151 1748 injuriis
1181 1684 1532 1750 triumphaliter
1567 1682 1866 1748 adimplevit,

448 1761 525 1807 cui
552 1762 696 1809 etiam
727 1762 894 1810 aderat
921 1778 1103 1809 corona
1133 1763 1362 1826 trigesimi
1393 1771 1440 1809 et
1470 1760 1766 1826 sexagesimi,
1793 1758 1868 1805 vel

449 1839 695 1885 centesimi
722 1838 903 1886 fructus
931 1839 980 1885 in
1005 1838 1080 1885 his
1103 1849 1300 1886 centum
1320 1838 1575 1886 virtutibus
1599 1846 1866 1900 augeretur.

447 1915 564 1980 Spes
589 1926 748 1963 autem
769 1915 886 1963 mihi
910 1925 1012 1962 erat
1037 1933 1113 1962 me
1140 1933 1240 1963 non
1278 1917 1489 1963 frustrari
1514 1933 1542 1963 a
1575 1926 1708 1971 vot0,
1739 1912 1871 1977 quod

448 1993 496 2037 in
522 2003 633 2039 octo
652 1993 791 2040 annis
817 1993 1027 2039 Domino
1052 1988 1252 2056 jubente
1275 1993 1531 2058 complevi,
1555 1994 1660 2057 ipso
1695 1991 1872 2038 scilicet

448 2068 572 2115 libro
605 2086 634 2116 a
668 2071 841 2116 virtute
881 2086 1024 2134 super
1053 2086 1128 2117 me
1149 2071 1271 2117 facta
1294 2081 1471 2134 coepto,
1499 2070 1560 2116 ad
1595 2086 1673 2115 me
1697 2069 1870 2115 iterum

450 2161 555 2191 sum
576 2162 830 2208 regressus.
855 2146 999 2203 Quod
1023 2163 1122 2193 non
1147 2148 1248 2193 sine
1281 2147 1583 2212 providentia
1606 2146 1873 2192 Divinitatis

451 2239 551 2270 esse
575 2224 781 2271 arbitror
799 2224 993 2285 factum,
1025 2234 1077 2271 ut
1097 2225 1156 2272 ad
1177 2242 1288 2271 eum
1313 2224 1547 2283 finiretur,
1573 2240 1601 2270 a
1631 2240 1729 2287 quo
1757 2222 1874 2285 legi—

452 2309 528 2346 tur
553 2294 754 2365 coeptus.
784 2303 835 2347 In
856 2318 953 2365 quo
980 2318 1091 2348 cum
1108 2302 1455 2366 quinquaginta
1479 2317 1655 2348 novem
1677 2301 1873 2347 virtutes

451 2376 820 2443 descripsissem,
858 2388 904 2425 et
929 2379 1270 2442 sexagesimam
1313 2379 1471 2426 adhuc
1500 2378 1723 2425 attentius
1755 2393 1873 2441 prae-

451 2456 664 2515 stolarer,
687 2455 845 2503 subito
862 2456 978 2503 mihi
1003 2457 1246 2504 sinistrum
1268 2458 1435 2522 capitis
1459 2468 1647 2522 tempus
1667 2466 1873 2503 arctatur

452 2531 719 2591 doloribus,
749 2542 795 2580 et
828 2533 1134 2598 pulsantibus
1165 2536 1315 2595 venis,
1350 2533 1769 2598 defluentibusque
1808 2533 1873 2579 la-

450 2610 641 2672 crymis,
677 2619 837 2656 tantus
869 2611 1149 2658 imminebat
1190 2612 1455 2669 cruciatus,
1497 2622 1549 2658 ut
1588 2611 1783 2659 oculum
1825 2610 1869 2655 vi

450 2683 816 2751 comprimerem
863 2704 923 2734 ne
965 2698 1196 2753 creparet.
1246 2689 1389 2747 Quod
1439 2689 1556 2736 dum
1595 2705 1681 2754 per
1727 2703 1871 2733 unam

452 2761 578 2808 diem
613 2779 666 2810 ac
693 2773 883 2810 noctem
905 2766 1106 2828 graviter
1132 2766 1321 2826 serrem,
1358 2783 1496 2814 mane
1524 2766 1782 2813 adveniens
1812 2763 1870 2810 ad
