2028 3458
451 329 500 367 lali
679 328 742 363 DE
769 322 1062 362 VIRTUTIBUS
1091 319 1260 356 SANCTI
1289 317 1511 354 MARTINI.
1535 336 1586 342 ——
1607 315 1641 351 1.

449 415 531 479 qui
563 414 624 462 ad
665 412 809 479 pedes
847 410 974 458 beati
1008 407 1224 455 antistitis
1259 406 1405 469 longo
1440 414 1657 468 tempore
1694 402 1866 467 privati

450 494 629 541 lumine
656 487 943 547 residebant,
970 484 1153 548 fulgore
1181 484 1331 530 nimio
1355 480 1654 542 circumdati,
1679 479 1860 539 lumen,

450 569 580 635 quod
605 569 719 615 olim
737 564 1059 631 perdiderant,
1074 570 1372 625 receperunt.
1391 562 1500 617 Quo
1525 558 1668 619 facto,
1684 557 1867 604 clamor

450 650 498 695 in
523 647 696 695 coelum
732 642 960 691 attollitur
997 638 1403 702 magnificantium
1433 640 1606 684 Deum.
1646 635 1716 683 Ad
1740 635 1866 683 istud

452 724 732 771 miraculum
766 719 915 767 currit
940 718 1121 781 regina,
1159 715 1404 763 concurrit
1433 724 1481 762 et
1517 714 1743 780 populus,
1776 714 1867 760 mi-

452 810 615 848 rantur
645 814 812 846 omnes
837 795 983 843 fidem
1015 793 1242 855 mulieris,
1268 793 1503 840 mirantur
1526 792 1726 855 gloriam
1748 808 1867 838 con-

451 876 637 925 fessoris
664 892 675 921 ε
720 874 804 921 sed
839 888 981 937 super
1015 872 1179 918 omnia
1210 869 1510 916 collaudatur
1530 871 1658 916 Deus
1683 879 1866 929 noster,

451 954 533 1019 qui
566 962 747 1002 tantam
780 951 1006 998 virtutem
1034 957 1225 1014 praestat
1252 947 1426 995 sanctis
1453 947 1567 1007 suis,
1594 955 1648 992 ut
1678 962 1765 1010 per
1787 961 1870 993 eos

451 1033 560 1080 talia
573 1031 760 1097 operari
780 1029 1018 1092 dignetur,
1040 1026 1130 1074 tale
1147 1026 1271 1073 inter
1290 1025 1471 1090 reliqua
1484 1024 1738 1072 luminaria
1756 1023 1871 1070 huic

451 1109 634 1157 mundo
655 1107 847 1154 beatum
873 1104 1128 1152 Martinum
1146 1104 1433 1150 immensum
1450 1102 1579 1150 sidus
1589 1100 1868 1162 attribuens,

453 1204 537 1252 per
555 1202 698 1250 quem
720 1185 818 1248 ejus
842 1182 1046 1230 tenebrae
1069 1180 1356 1246 refulgeant:
1384 1181 1467 1246 qui
1488 1196 1600 1228 vere
1614 1180 1734 1227 sicut
1746 1179 1872 1226 oliva

455 1264 708 1325 fructifera,
726 1279 811 1328 per
825 1262 1035 1326 singulos
1055 1260 1156 1308 dies
1169 1260 1352 1308 fructus
1364 1260 1558 1308 exhibet
1576 1262 1789 1307 Domino
1810 1258 1871 1307 de

454 1341 845 1390 conversionibus
869 1341 1171 1387 miserorum.

1016 1487 1173 1523 CAPUT
1198 1487 1303 1523 XIII.

658 1587 709 1621 De
728 1599 770 1620 eo
785 1586 845 1632 qui
861 1598 880 1620 a
896 1585 1037 1633 pustula
1054 1584 1092 1619 in
1109 1584 1294 1619 extremis*
1317 1583 1452 1631 positus
1470 1582 1666 1618 laborabat.

519 1686 612 1734 Sed
638 1696 726 1734 n'ec
748 1685 841 1733 hoc
867 1684 1137 1750 praeteribo,
1164 1683 1299 1748 quod
1325 1682 1647 1731 venerabilem
1670 1696 1874 1729 conser-

455 1781 568 1811 vum
583 1781 742 1811 meum
756 1767 1068 1811 Fortunatum
1086 1762 1418 1828 presbyterum
1435 1760 1648 1808 retulisse
1661 1776 1873 1807 comme-

456 1859 611 1889 moro.
638 1841 844 1899 Quidam
882 1841 931 1887 in
967 1840 1115 1900 ltalia,
1154 1839 1272 1886 dum
1307 1854 1494 1886 veneno
1516 1837 1738 1903 pustulae’
1770 1853 1878 1902 per-

456 1936 593 1967 vasus
616 1919 664 1965 in
689 1918 963 1965 discrimine
986 1918 1052 1964 sic
1074 1926 1307 1982 ageretur,
1328 1925 1381 1963 ut
1401 1916 1560 1963 vivere
1583 1914 1872 1979 desperaret,

457 1997 642 2061 aliquos
684 1998 942 2060 interrogat
991 1996 1052 2043 ad
1097 1995 1330 2060 templum
1369 1993 1493 2042 beati
1534 1994 1724 2040 Martini
1770 1993 1876 2058 quis

460 2074 637 2122 suerit³.
674 2076 806 2120 Tunc
835 2073 1030 2138 quidam
1058 2090 1116 2120 ex
1149 2071 1413 2120 astantibus
1450 2071 1615 2118 asserit
1640 2087 1688 2118 se
1713 2070 1871 2118 fuisse.

460 2151 670 2214 Requirit
687 2161 889 2213 aegrotus
912 2144 1155 2215 quidinde
1180 2166 1268 2215 pro
1283 2149 1620 2197 benedictione
1633 2147 1871 2195 detulerit.

459 2229 553 2287 Qui
576 2239 714 2292 negat
738 2246 786 2276 se
806 2229 985 2294 aliquid
1014 2228 1385 2295 praesumpsisse.
1416 2229 1574 2285 Quem
1607 2227 1779 2274 iterum
1802 2226 1875 2272 in-

460 2315 667 2370 terrogat
695 2322 788 2371 qua
818 2316 931 2354 tunc
954 2317 1082 2354 veste
1105 2306 1301 2353 indutus
1324 2306 1399 2365 sit,
1427 2321 1538 2353 cum
1559 2304 1622 2352 ad
1645 2303 1877 2369 templum

1019 2432 1084 2436 —-
1089 2430 1172 2437 --

514 2495 570 2549 (Ι)
591 2499 681 2536 Mss.
712 2497 883 2549 plerique
915 2502 953 2535 in
975 2497 1141 2536 exercitu
1165 2501 1327 2549 positus.
1352 2495 1435 2550 (R.)
1452 2517 1506 2527 —
1524 2495 1650 2535 Cl.-F.
1681 2509 1707 2532 a
1723 2497 1878 2546 pustula

460 2577 651 2614 pervasus.

514 2628 573 2682 (2)
593 2632 684 2667 Mss.
719 2627 910 2680 plerique,
946 2636 983 2666 et
1013 2628 1166 2679 quidem
1195 2628 1454 2680 antiquiores,
1478 2630 1626 2680 pusulae
1653 2636 1691 2666 et
1718 2626 1772 2666 sic
1800 2626 1879 2664 fere

463 2707 614 2746 semper
636 2693 785 2746 quoties
802 2694 874 2732 ista
892 2706 971 2733 vox
987 2694 1163 2733 recurrit.
1185 2693 1270 2747 (R.)

517 2758 571 2811 (3)
604 2755 647 2798 1'd
676 2768 733 2797 est
758 2763 953 2797 accesserit
980 2773 1057 2810 quo
1089 2773 1205 2798 sensu
1233 2759 1398 2799 verbum
1426 2773 1504 2798 esse
1528 2760 1749 2812 frequenter
1775 2756 1880 2810 apud

468 2825 696 2878 Gregorium
718 2824 899 2864 occurrit.
919 2824 1000 2876 (R.)
