2028 3458
422 251 497 287 436
793 252 859 286 DE
887 251 1072 287 GLORIA
1100 252 1466 291 CONFESSORUM.

416 336 754 402 implicaretur.
796 336 891 383 Sed
920 336 997 384 ille
1036 339 1190 403 sagaci
1228 339 1516 401 intentione,
1557 340 1672 387 dum
1704 342 1736 389 ii
1776 343 1825 389 in

341 424 346 426 ’
413 415 608 462 ecclesia
642 423 804 461 nostra
835 424 1014 474 essent,
1051 414 1130 462 bic
1163 427 1425 480 praeparato
1455 418 1743 480 ministerio,
1775 420 1824 466 in

412 492 560 538 domo
594 508 763 538 eorum
786 491 1025 556 baptizare
1054 493 1215 558 coepit,
1248 493 1338 540 illis
1365 495 1412 541 in
1448 496 1642 544 ecclesia
1674 496 1827 561 bapti-

411 568 624 616 zantibus
653 587 662 615 :
694 568 778 616 sed
805 579 1122 633 praecurrente
1155 569 1316 618 divina
1336 570 1516 619 ultione
1538 573 1598 619 de
1624 574 1825 620 infantu-

407 648 463 694 lis
487 664 610 711 quos
628 647 694 694 ibi
716 647 922 695 haeretici
946 649 1200 707 tinxerant,
1227 648 1276 695 id
1298 658 1368 695 est
1387 648 1459 696 bis
1478 649 1645 711 denos,
1667 651 1824 698 nullus

406 724 468 771 ad
497 725 720 772 Clausum
755 725 1024 789 pertingere
1057 725 1214 789 potuit
1234 725 1414 772 vivens.
1448 726 1592 784 Quod
1611 727 1823 775 videntes

408 801 634 862 haeretici,
673 812 720 849 et
753 801 954 849 domum
983 818 1118 849 suam
1150 802 1397 849 ecclesiam
1442 803 1543 850 fieri
1581 805 1817 865 timenteS,

407 878 683 943 presbytero
715 894 852 926 suam
880 878 1127 926 ecclesiam
1149 878 1474 941 reddiderunt.
1507 883 1577 927 De
1607 880 1680 928 his
1707 898 1820 928 vero

403 972 525 1019 quos
558 955 634 1002 ille
664 954 916 1020 baptizavit
925 993 946 1015 0
994 953 1155 1001 nullus
1203 971 1260 1001 eo
1296 964 1513 1020 tempore
1549 966 1619 1003 est
1656 956 1820 1004 defun-

401 1042 522 1093 ctus,
554 1032 644 1079 nisi
668 1049 813 1096 quem
848 1032 1081 1079 Dominus
1107 1041 1216 1096 post
1238 1030 1495 1095 legitimam
1516 1043 1700 1080 aetatem
1730 1051 1820 1081 vo-

401 1126 509 1157 care
533 1110 751 1173 dignatus
774 1119 860 1158 est.
1310 1114 1313 1116 ’

953 1213 1108 1248 CAPUT
1132 1214 1265 1251 XLIX.

850 1289 903 1322 De
920 1287 1059 1322 Justino
1079 1288 1088 1308 ¹
1119 1297 1153 1322 et
1170 1288 1326 1322 Misilino
1337 1288 1365 1323 ⁹.

464 1387 590 1430 lntra
633 1383 888 1430 terminum
922 1391 1084 1428 autem
1121 1384 1415 1429 Beorretanae
1445 1382 1593 1444 urbis,
1627 1384 1676 1430 in
1707 1385 1813 1431 vico

398 1467 691 1514 Sexciacensi
713 1504 726 1522 ‚
779 1474 969 1512 sanctus
1033 1463 1243 1510 Justinus
1297 1464 1544 1528 presbyter
1593 1467 1809 1529 quiescit.

397 1544 490 1601 Qui
520 1559 630 1590 cum
657 1540 817 1589 multis
852 1542 1106 1590 virtutibus
1139 1540 1333 1607 polleat,
1362 1542 1530 1605 saepius
1564 1542 1626 1589 ad
1658 1543 1814 1607 sepul-

396 1637 532 1668 crum
565 1620 667 1683 ejus
692 1619 1002 1682 energumeni
1030 1619 1349 1666 declamantes
1378 1618 1688 1666 mundantur.
1717 1622 1814 1666 Hu-

390 1698 467 1762 jus
489 1698 666 1745 meritis
689 1713 744 1744 ac
767 1696 1014 1744 sanctitate
1034 1697 1334 1762 propinquus
1357 1706 1426 1742 est
1448 1695 1702 1764 Misilinus,
1731 1697 1814 1760 qui

394 1775 608 1840 ejusdem
628 1774 810 1822 ordinis
827 1773 1040 1822 officium
1064 1776 1113 1822 in
1130 1773 1327 1822 ecclesia
1347 1773 1516 1821 habuit
1542 1792 1553 1820 ε
1580 1775 1661 1838 qui
1684 1774 1812 1839 apud

391 1852 582 1901 Talvam
607 1853 767 1900 vicum
794 1850 937 1914 hujus
961 1850 1184 1899 territorii
1208 1850 1425 1914 quiescit,
1458 1850 1689 1898 similibus
1721 1851 1810 1898 flo-

394 1947 502 1977 rens
529 1928 800 1978 virtutibus.

993 2029 1148 2063 CAPUT
1175 2029 1217 2064 L.

812 2103 864 2136 De
884 2110 1003 2136 sancto
1021 2102 1150 2137 Severo
1168 2102 1387 2149 presbytero,

460 2190 539 2236 His
564 2187 681 2235 urbe
713 2197 759 2234 et
781 2189 985 2235 termino
1020 2189 1223 2235 sociatus
1256 2196 1446 2234 sanctus
1479 2188 1718 2246 Severus⁸,
1762 2197 1808 2233 et

392 2267 492 2331 ipse
510 2264 754 2330 presbyter
768 2264 1031 2325 ordinatus,
1048 2263 1195 2311 nobili
1214 2264 1357 2328 stirpe
1375 2263 1665 2327 progenitus.
1686 2266 1804 2312 Nam

444 2399 499 2461 (1')
529 2408 627 2454 Bet,
642 2408 888 2446 Iustissimas.
911 2408 992 2454 (R.)

443 2473 496 2519 (2)
521 2469 660 2516 Laud.,
674 2468 755 2507 Col.
778 2482 801 2507 a
820 2477 857 2506 et
877 2468 971 2506 Bell.
987 2470 1202 2507 Similinum
1221 2466 1262 2504 in
1281 2465 1407 2504 indice
1425 2465 1633 2516 appellant.
1655 2465 1702 2517 (R
1720 2467 1735 2513 )
1751 2487 1803 2495 —

390 2536 502 2570 Hunc
531 2534 634 2570 2204
666 2529 788 2583 (Colb.
813 2533 849 2578 a)
874 2530 913 2567 in
946 2529 1071 2567 indice
1089 2530 1280 2577 Similino,
1305 2528 1345 2565 in
1371 2535 1552 2566 contextu
1571 2529 1797 2565 Missile'nus.

390 2594 467 2632 Alii
487 2597 742 2632 Misselinum.

439 2655 495 2708 (3)
522 2655 625 2702 Bal„
644 2655 852 2694 Severinus.
874 2654 984 2690 Hunc
1003 2649 1177 2690 nonnulli
1195 2659 1280 2701 post
1298 2650 1550 2701 Rosweydum
1569 2658 1702 2702 putant
1718 2662 1800 2688 esse

388 2719 572 2755 Severum
593 2714 817 2767 Sulpicium.
839 2716 922 2761 (R.)
