2028 3458
378 293 455 330 ¹72
588 294 656 329 DE
683 290 977 330 VIRTUTIBUS
1005 288 1180 328 SANCTI
1208 290 1502 328 MARTlNl.--
1524 291 1576 326 11.

377 380 618 428 votissime
638 379 765 426 beati
795 377 1015 425 antistitis
1046 377 1277 425 auxilium
1299 377 1541 443 flagitavit,
1568 376 1794 441 deporta-

380 468 549 523 tusque
586 459 757 504 iterum
793 472 820 503 a
857 455 954 502 suis
987 465 1099 503 ante
1134 465 1346 503 sanctam
1374 455 1590 504 absidam
1622 453 1795 501 tumuli

376 537 589 600 ponitur.
634 537 850 598 Cumque
886 532 1085 598 expletis
1119 533 1310 593 m1ssis‚·
1335 533 1543 599 populus
1578 533 1798 597 coepisset

376 620 731 660 sacrosanctum
745 626 921 675 corpus
939 608 1272 674 Redemptoris
1290 611 1543 676 accipere¹‚
1561 609 1688 656 illico
1708 608 1797 654 dis·

376 689 543 737 solutis
566 688 708 736 nodis
730 688 815 753 qui
837 703 993 751 genua
1010 703 1134 734 nexa
1156 687 1402 750 tenebant,
1427 688 1476 734 in
1494 686 1640 753 pedes
1655 686 1799 750 erigi-

377 776 471 813 tur.
514 763 871 813 Admirantibus
915 764 1125 824 cunctis,
1166 764 1338 828 gratias
1378 781 1551 828 agens,
1598 764 1797 828 proprio

377 859 538 907 gressu
563 859 714 908 usque
746 841 809 890 ad
832 836 1032 890 beatum
1063 842 1228 901 altare,
1260 842 1454 889 nemine
1483 849 1795 899 sustentante,

376 920 624 984 processit,
651 936 795 968 sanus
817 919 1041 985 deinceps
1067 918 1262 984 degens.

910 1055 1068 1090 CAPUT
1092 1055 1265 1090 XLVIII.

632 1137 686 1172 De
701 1149 745 1172 eo
760 1137 822 1184 qui
837 1150 964 1174 manus
978 1150 1018 1173 ac
1037 1138 1146 1187 pedes
1161 1146 1363 1174 contractos
1379 1138 1547 1174 habebat.

445 1235 513 1280 Ex
535 1248 660 1298 pago
683 1243 845 1281 autem
867 1233 1212 1295 Carnonensi’,
1241 1234 1325 1298 qui
1349 1234 1399 1281 in
1426 1232 1685 1295 Andegavo
1707 1240 1802 1278 ter-

377 1309 547 1357 ritorio
569 1309 773 1358 habetur
790 1311 976 1373 insitus,
999 1311 1072 1359 vir
1103 1310 1319 1375 quidam,
1344 1310 1542 1357 nomine
1565 1308 1800 1368 Floridus,

378 1387 601 1436 manibus
619 1388 924 1455 pedibusque
949 1389 1226 1451 contractis,
1258 1388 1321 1436 ad
1347 1398 1561 1436 sanctam
1583 1386 1803 1436 cellulam

379 1466 752 1529 Condatensem,
780 1467 841 1515 de
865 1484 962 1532 qua
991 1467 1160 1515 beatus
1193 1467 1440 1515 confessor
1462 1466 1525 1514 ad
1562 1465 1805 1513 Christum

382 1544 622 1608 migravit,
645 1544 816 1593 allatus
852 1555 938 1592 est.
972 1544 1065 1592 Ubi
1098 1544 1217 1591 dum
1242 1545 1291 1592 in
1314 1543 1487 1608 vigiliis
1509 1553 1556 1591 et
1587 1542 1806 1589 oratione

380 1623 542 1686 paucis
573 1621 742 1670 diebus
771 1638 942 1671 vacare
977 1622 1178 1682 studuit,
1205 1622 1363 1668 omnis
1393 1619 1625 1684 aegritudo
1648 1635 1677 1667 a
1699 1634 1808 1665 cor-

379 1716 498 1764 pore
521 1699 621 1763 ejus
642 1700 803 1765 fugata
816 1699 1049 1747 discessit.
1074 1700 1248 1764 Sicque
1267 1699 1459 1747 directis
1472 1696 1718 1759 membris,
1732 1696 1807 1742 in·

380 1776 583 1826 columis
606 1778 669 1826 ad
691 1778 888 1844 propria
910 1778 1156 1825 remeavit.

934 1913 1093 1949 CAPUT
1118 1913 1253 1950 XLIX.

700 1998 753 2033 De
769 2009 812 2032 eo
829 1997 891 2044 qui
909 2005 1135 2032 contractum
1156 1995 1344 2031 brachium
1361 1993 1499 2029 detulit.

449 2091 653 2138 Venerat
677 2090 778 2137 dies
797 2091 941 2138 festus
959 2090 1290 2149 solemnitatis,
1317 2090 1366 2136 in
1388 2106 1483 2153 qua
1506 2099 1704 2135 catervae
1725 2104 1810 2153 po-

383 2165 611 2230 pulorum
644 2167 804 2214 multae
833 2177 1177 2228 convenerant,
1205 2177 1253 2214 et
1275 2182 1385 2214 ecce
1410 2165 1581 2213 debilis
1612 2164 1809 2229 quidam

383 2254 632 2292 contracto
650 2244 851 2293 brachio
875 2245 1044 2293 adfuit.
1066 2248 1291 2309 Dumque
1314 2243 1511 2292 beatum
1536 2243 1808 2308 sepulcrum

439 2388 494 2435 (1)
518 2387 634 2426 Missa
668 2386 899 2427 censebatur
929 2389 1057 2437 finita,
1093 2388 1318 2441 priusquam
1344 2386 1569 2425 communio
1597 2384 1810 2425 astantibus

383 2449 658 2501 porrigeretur.
679 2453 759 2500 (R.)

439 2516 494 2563 (2)
519 2515 582 2555 Sic
600 2515 747 2554 habent
764 2517 860 2556 Bell.
875 2546 886 2564 ,
905 2516 1029 2556 Laud.
1044 2546 1055 2564 ‚
1076 2515 1185 2555 Coib.
1208 2515 1331 2568 (Sag.,
1352 2518 1469 2564 Cott.)
1489 2523 1528 2554 et
1546 2515 1609 2555 ed.
1627 2514 1737 2554 Clict.
1761 2516 1811 2552 At

384 2579 493 2627 Gat.,
515 2582 648 2630 Mart„
670 2581 779 2623 Colb.
802 2591 894 2630 tut„
915 2583 1137 2631 clar-„cum
1154 2582 1305 2622 Balesd.
1322 2584 1379 2631 (et
1396 2583 1518 2630 2204,
1542 2582 1662 2628 3801,
1687 2581 1807 2626 5326,

387 2646 513 2694 5334,
538 2659 624 2699 sup.
653 2649 776 2698 243),
811 2646 955 2686 habent
980 2651 1224 2695 Camotensi3
1250 2647 1358 2686 Chol.
1390 2655 1428 2685 et
1451 2647 1553 2693 col..
1585 2646 1807 2690 Commerui,-

385 2722 431 2748 ac
451 2710 618 2764 denique
637 2714 727 2763 SB.,
739 2715 944 2763 Croviensi,
958 2714 1055 2753 utin
1074 2713 1175 2753 libro
1190 2716 1258 2763 IV,
1275 2714 1518 2767 infra,capp.
1539 2725 1626 2751 xvu
1642 2719 1681 2750 et
1692 2723 1807 2756 xxm,

386 2774 453 2815 ubi
472 2777 564 2818 editi
582 2777 727 2819 habent
747 2781 956 2820 Croniensi.
983 2782 1063 2830 (R.)
