2028 3458
462 282 512 318 60
689 282 753 318 DE
784 278 1077 317 VIRTUTIBUS
1106 278 1281 315 SANCTI
1311 277 1535 316 MARTIM.
1557 298 1607 305 —
1626 279 1657 315 1.

1009 426 1168 462 CAPUT
1192 424 1335 460 xxm.

844 525 896 560 De
914 522 1157 560 wiliachario
1176 523 1294 558 soluto
1309 534 1330 558 a
1349 522 1494 559 catenis.

527 631 735 692 Dignum
759 624 1022 673 existimavi
1047 633 1093 670 et
1121 622 1239 670 illud
1264 639 1363 670 non
1391 624 1609 669 omittere
1641 623 1688 668 in
1715 620 1883 678 relatu,

463 706 575 770 quid
620 703 976 750 Wiliacharium
1026 700 1358 765 presbyterum
1401 701 1681 746 referentem
1706 699 1883 745 audivi.

461 788 692 847 Tempore
703 797 802 844 quo
814 779 941 827 idem
952 778 1286 826 Wiliacharius
1299 794 1385 843 per
1397 777 1647 842 perfidiam
1660 777 1887 824 Chramni

461 859 792 908 Chlotharium
820 874 981 921 regem
1014 857 1188 904 iratum
1219 857 1523 915 incurrerat¹‚
1554 855 1616 902 ad
1643 855 1889 902 basilicam

462 939 610 986 sancti
629 936 816 983 Martini
833 935 1065 999 confugit,
1078 945 1223 999 atque
1236 933 1418 982 ibidem
1436 933 1485 980 in
1509 933 1689 980 catenis
1708 933 1892 997 positus

462 1014 840 1074 custodiebatur,
864 1013 948 1061 sed
974 1014 1146 1060 virtute
1176 1012 1306 1060 beati
1335 1010 1548 1077 praesulis
1584 1010 1892 1058 comminutae

461 1105 636 1144 catenae
661 1103 902 1141 stare-non
920 1101 1199 1157 potuerunt.
1226 1090 1396 1138 Nescio
1419 1099 1580 1136 autem
1603 1103 1699 1153 qua
1736 1088 1892 1134 immi-

463 1182 605 1220 nente
647 1170 932 1235 negligentia
982 1170 1098 1217 foris
1145 1169 1323 1216 atrium
1372 1166 1756 1232 comprehensus
1802 1175 1888 1212 est.

463 1253 619 1309 Quem
651 1258 904 1296 oneratum
941 1247 1084 1309 ferro,
1123 1246 1390 1311 vinctisque
1427 1255 1535 1310 post
1569 1254 1760 1309 tergum
1791 1261 1893 1291 ma-

464 1328 622 1384 nibus,
642 1325 884 1374 ducebant
905 1325 968 1372 ad
984 1342 1162 1389 regem.
1180 1327 1235 1371 At
1258 1324 1336 1371 ille
1348 1339 1468 1370 voce
1491 1339 1665 1387 magna
1688 1322 1894 1369 clamare

464 1406 623 1470 coepit,
659 1414 706 1451 et
737 1413 790 1450 ut
821 1403 911 1450 sibi
940 1402 1107 1450 beatus
1136 1401 1368 1449 Martinus
1399 1400 1703 1448 misereretur
1735 1415 1890 1456 orare,

466 1500 554 1532 nec
577 1500 687 1530 eum
720 1482 895 1529 sineret
918 1480 1049 1528 abire
1080 1480 1343 1546 captivum,
1370 1479 1506 1543 cujus
1528 1478 1732 1525 devotus
1755 1493 1895 1541 expe·

465 1561 602 1608 tierat
632 1559 885 1625 templum.
925 1558 1193 1622 Statimque
1230 1558 1279 1604 in
1313 1558 1415 1622 ejus
1454 1555 1687 1616 vocibus,
1727 1565 1896 1602 orante

466 1638 607 1686 beato
632 1637 865 1684 Eufronio
890 1636 1120 1702 episcopo
1143 1635 1205 1682 de
1227 1652 1367 1682 muro
1391 1635 1594 1683 civitatis
1616 1643 1786 1681 contra
1809 1633 1898 1679 ba-

467 1716 665 1774 silicam,
688 1715 930 1763 dissolutae
958 1723 1072 1761 sunt
1104 1729 1276 1760 manus
1308 1713 1434 1776 ejus,
1463 1722 1511 1759 et
1542 1728 1713 1758 omnes
1737 1710 1897 1757 baccae

470 1803 747 1840 catenarum
790 1792 1047 1839 confractae
1091 1790 1388 1838 ceciderunt.
1438 1790 1702 1837 Perductus
1736 1798 1895 1836 autem

469 1888 618 1935 usque
643 1870 703 1917 ad
725 1887 905 1934 regem,
933 1869 1016 1916 ibi>
1035 1870 1209 1917 iterum
1232 1869 1281 1915 in
1305 1867 1624 1934 compedibus
1647 1876 1695 1914 et
1719 1867 1899 1914 catenis

470 1949 754 1995 constrictus
789 1947 1101 1995 retinebatur.
1146 1947 1240 1994 Sed
1275 1947 1501 1994 invocato
1537 1944 1735 1992 nomine
1775 1961 1898 2009 saepe

470 2026 583 2073 dicti
597 2026 804 2091 patroni,
821 2026 885 2073 ita
901 2042 1046 2072 omne
1061 2024 1240 2071 ferrum
1253 2040 1396 2089 super
1418 2040 1530 2070 eum
1545 2022 1898 2070 comminutum

473 2112 542 2149 est
580 2112 633 2148 ut
667 2112 858 2167 putares
896 2102 1016 2150 illud
1047 2102 1190 2151 fuisse
1221 2101 1358 2166 quasi
1403 2100 1559 2147 lutum
1597 2099 1744 2164 figuli.
1798 2102 1900 2146 Hoc

474 2188 658 2226 tantum
690 2190 789 2227 erat
818 2181 867 2227 in
898 2180 1084 2246 spatiis,
1123 2188 1175 2225 ut
1205 2194 1305 2225 non
1340 2176 1606 2224 solveretur
1629 2193 1657 2224 a
1684 2177 1897 2233 vinculo,

473 2257 788 2323 quoadusque
819 2274 1001 2305 nomen
1040 2256 1162 2305 illud
1195 2256 1566 2304 sacratissimum
1598 2255 1895 2314 invocasset;

529 2452 584 2501 (1)
602 2452 715 2490 Hunc
740 2451 868 2491 locum
888 2452 942 2492 sic
964 2465 1012 2491 ex
1031 2453 1120 2492 Gat.
1138 2481 1149 2500 ,
1168 2454 1282 2492 Mart.
1296 2481 1307 2499 ,
1327 2454 1416 2492 Bec.
1430 2483 1441 2502 ‚
1462 2450 1573 2491 Colb.
1596 2459 1667 2492 tut.
1690 2451 1843 2500 (2204),
1864 2458 1902 2488 et

439 2532 443 2536 Δ
475 2515 558 2554 aliis
578 2516 824 2556 restituimus.
844 2518 959 2566 Editi,
981 2533 1070 2557 cum
1088 2520 1354 2568 Clar.‚(3801)
1369 2527 1408 2557 et
1424 2517 1572 2569 aliquot
1589 2516 1672 2556 aliis
1689 2531 1697 2554 ε
1726 2519 1903 2567 Tempore

475 2596 547 2632 quo
575 2592 731 2633 propter
750 2585 955 2634 perfidiam
985 2587 1195 2624 Chr-amnas
1224 2599 1293 2624 seu
1318 2586 1507 2625 Claranius
1533 2589 1629 2622 itam
1656 2585 1818 2623 clotarii
1837 2597 1899 2620 ne-

475 2652 532 2698 gis
559 2647 789 2697 incurrerat,
822 2658 859 2688 et
886 2650 927 2689 in
954 2650 1090 2703 capitis
1118 2651 1254 2690 titulo:
1287 2653 1335 2688 de
1372 2651 1585 2698 Cltmmno,
1621 2662 1690 2688 seu
1721 2649 1902 2689 Chmnio.

477 2712 764 2761 wiliacharium
779 2744 789 2761 ,
826 2715 973 2768 aliquot
1013 2717 1163 2755 codices
1199 2720 1257 2756 W
1254 2717 1468 2754 1’l1'charium
1499 2730 1566 2755 seu
1610 2718 1646 2752 V
1645 2716 1898 2758 {bathanam

478 2778 651 2817 nonnulli
669 2781 954 2818 Miliatharium
971 2782 1180 2833 appellant.
1201 2781 1287 2834 (R.)
