2028 3458
409 371 484 408 100
619 371 683 407 DE
712 369 1003 406 VIRTUTIBUS
1032 368 1204 405 SANCTI
1234 368 1456 404 MARTINI.
1482 387 1535 395 —
1553 368 1602 404 11.

407 456 623 505 ricordiae
661 454 964 521 porrexisset.
1004 454 1229 511 Quotidie
1263 464 1421 502 autem
1450 463 1718 520 respectum
1751 454 1823 499 in-

406 544 542 581 tuens
570 533 878 591 devotorum,
908 531 1061 578 victus
1088 532 1352 579 necessaria
1380 531 1685 596 deposcebat.
1712 533 1824 578 Fac-

406 621 508 658 tum
547 620 616 657 est
653 618 812 655 autem
856 618 907 655 ut
950 607 1165 673 quodam
1204 619 1420 674 tempore
1462 618 1592 656 extra
1629 608 1822 655 solitum

406 688 593 752 gravius
615 695 791 750 ageret,
812 702 902 733 nec
920 695 1111 750 poterat
1134 702 1425 750 quemquam
1441 685 1657 750 judicare
1678 702 1824 732 mem·

403 766 621 826 brorum,
648 765 738 813 nisi
761 774 946 811 tantum
972 764 1022 810 in
1045 773 1239 829 pectore
1263 764 1402 810 ssatus
1431 764 1702 829 spiraminis
1731 763 1824 809 dis-

403 841 639 890 currebat.
667 844 788 899 Quae‘
809 841 909 905 Jam
937 840 1075 888 valde
1098 842 1328 889 exanimis
1355 842 1537 905 rogavit
1558 851 1610 887 ut
1634 858 1737 888 eam
1761 841 1823 888 ad

402 919 546 985 pedes
576 919 724 966 sancti
757 918 943 966 Martini
967 918 1221 986 deferrent.
1250 918 1320 965 Ad
1344 935 1487 983 quem
1520 918 1681 964 locum
1713 934 1824 964 cum

402 995 622 1044 manibus
645 995 860 1043 fidelium
890 995 1049 1042 fuisset
1071 995 1224 1055 illata,
1252 995 1420 1042 dolore
1444 1005 1669 1059 cogente,
1696 996 1825 1042 voci·

401 1074 555 1122 ferans
578 1074 703 1122 beati
726 1074 815 1121 viri
839 1074 1087 1134 auxilium,
1118 1083 1172 1120 ut
1201 1073 1290 1120 sibi
1315 1074 1616 1120 misereretur
1636 1071 1821 1119 orabat.

400 1151 774 1216 Tandemrpietas
795 1150 874 1197 illa
895 1150 1171 1215 respiciens,
1205 1167 1309 1214 quae
1332 1166 1565 1215 pauperes
1587 1149 1825 1196 dimittere

401 1247 651 1294 nunquam
682 1230 930 1276 consuevit
964 1229 1154 1289 inanes,
1190 1229 1239 1275 in
1279 1229 1526 1276 festivitate
1555 1246 1638 1276 sua
1673 1229 1825 1276 laxata

400 1317 510 1355 sunt
534 1307 613 1355 fila
638 1323 901 1354 nervorum
921 1307 1178 1368 arentium,
1204 1316 1251 1353 et
1267 1307 1334 1354 sic
1356 1307 1416 1354 de
1443 1307 1653 1367 dextera,
1679 1323 1825 1370 quam

401 1402 487 1450 per
508 1402 590 1432 sex
614 1401 769 1432 annos
791 1401 892 1439 non
921 1383 1240 1447 judicaverat,
1274 1385 1463 1448 signum
1495 1384 1643 1432 beatae
1673 1385 1826 1430 crucis

401 1462 459 1510 ad
482 1479 535 1509 os
558 1462 753 1522 faciens,
783 1461 832 1508 in
852 1460 1054 1526 pedibus
1075 1462 1288 1508 restituta
1309 1471 1394 1521 est,
1416 1462 1481 1508 ita
1506 1471 1557 1507 ut
1576 1461 1637 1508 ad
1656 1461 1825 1526 hospi-

401 1538 571 1586 tiolum
596 1556 736 1586 suum
753 1539 930 1586 nullius
949 1555 1033 1585 usa
1051 1538 1290 1602 adjutorio
1308 1549 1558 1598 remearet,
1577 1539 1824 1586 oculorum

399 1616 580 1664 lumine
602 1633 702 1664 non
727 1626 936 1681 recepto.
967 1619 1082 1663 Post
1118 1634 1271 1664 annos
1305 1626 1465 1664 autem
1500 1617 1623 1664 duos
1652 1618 1824 1663 iterum

402 1695 597 1742 veniens
632 1695 693 1741 ad
728 1694 853 1742 beati
884 1695 1078 1759 patroni
1113 1695 1377 1756 tumulum,
1405 1697 1548 1761 coepit
1569 1697 1822 1755 attentius,

399 1772 521 1819 sicut
543 1781 644 1819 erat
667 1781 1019 1838 opportunum,
1046 1788 1184 1819 orare
1207 1790 1216 1819 :
1246 1790 1360 1820 mox
1382 1774 1554 1838 apertis
1577 1773 1725 1820 oculis
1739 1811 1750 1834 ,
1777 1773 1826 1819 in

402 1850 613 1898 rediviva
629 1850 735 1897 luce
755 1850 975 1897 surrexit.
1004 1852 1139 1897 Hanc
1160 1851 1385 1901 virtutem
1407 1851 1517 1898 ideo
1542 1850 1620 1898 hic
1640 1850 1827 1916 scripsi-

402 1943 524 1988 mus,
550 1928 662 1992 quia
684 1938 938 1992 postquam
974 1926 1069 1975 huc
1095 1928 1408 1988 advenimus,
1440 1929 1703 1977 illuminata
1736 1937 1821 1976 est.

404 2008 522 2052 Nam
544 2015 684 2053 antea
701 2022 729 2052 a
745 2005 988 2053 debilitate
1009 2015 1172 2053 sanata
1197 2006 1362 2054 fuerat.

1019 2125 1175 2162 CAPUT
1192 2125 1258 2160 IV.

856 2217 907 2251 De
925 2228 1027 2252 servo
1047 2216 1200 2253 Simonis
1215 2217 1420 2265 presbyteri.

472 2315 678 2362 Simonis
692 2313 953 2361 fidelissimi
971 2314 1346 2380 compresbyteri
1363 2315 1528 2362 nostri¹
1540 2331 1719 2375 servus,
1736 2317 1775 2360 V
1779 2332 1828 2361 e-

406 2408 551 2441 ranus
574 2392 788 2452 nomine,
815 2392 899 2456 qui
926 2402 1027 2439 erat
1046 2393 1090 2439 ei
1111 2393 1161 2439 in
1194 2393 1460 2440 commissis
1492 2392 1830 2457 promptuariis

408 2469 662 2535 probatus,
697 2469 813 2517 dum
841 2469 901 2516 ad
933 2470 1199 2517 custodiam
1226 2470 1315 2518 sibi
1340 2470 1615 2536 dispositam
1650 2470 1828 2518 reside-

408 2558 496 2609 ret,
522 2549 885 2614 superveniente
905 2547 1110 2595 humore
1135 2548 1394 2614 podagrico
1414 2586 1426 2610 ,
1459 2548 1638 2615 pedum
1668 2564 1829 2612 gressu

463 2721 516 2767 (1)
540 2717 711 2773 Observa
746 2717 809 2757 hic
844 2718 1037 2758 Simonem
1071 2717 1338 2771 presbyterum
1372 2732 1394 2757 a
1428 2720 1615 2771 Gregorio
1652 2718 1832 2770 episcopo

406 2783 759 2836 compresbyterum
791 2784 991 2836 appellari.
1025 2786 1105 2834 (R.)
1131 2806 1182 2813 —
1206 2784 1359 2823 Nullum
1394 2785 1616 2836 episcopum
1639 2783 1832 2821 noscimus

408 2850 563 2888 nomine
581 2849 791 2897 Simonem,
813 2851 877 2901 qui
901 2859 1073 2902 tempore
1094 2850 1270 2903 Gregorii
1289 2850 1441 2890 vixerit.
