2028 3458
443 263 521 299 280
653 263 720 302 DE
750 259 1048 298 VIRTUTmUs
1075 260 1246 298 SANCTl
1276 260 1499 298 MARTIM.
1519 280 1574 287 —
1596 260 1659 296 IV.

445 360 537 396 tres
576 349 683 396 caeci
720 348 989 407 illuminati,
1029 349 1243 413 quinque
1274 350 1583 413 energumeni
1618 347 1865 395 emundati

443 436 572 472 sunt.
610 425 770 472 Adfuit
803 425 917 472 huic
952 424 1189 473 festivitati
1220 436 1268 472 et
1300 425 1512 487 Aridius,
1551 425 1864 473 Lemovicinae

446 503 577 549 urbis
596 501 739 558 abba,
765 501 901 564 cujus
922 501 971 548 in
997 502 1325 566 superioribus
1347 502 1517 550 libellis
1539 502 1861 559 meminimus,

443 597 529 645 per
549 595 695 643 quem
718 579 956 626 Dominus
979 580 1286 644 paralyticam
1315 596 1464 628 unam
1479 618 1492 642 ,
1519 597 1625 645 quae
1648 596 1735 645 per
1755 588 1866 626 octo

443 673 596 704 annos
627 672 834 703 carrucae
867 657 1168 722 superposita
1190 658 1238 704 in
1275 657 1398 705 atrio
1429 656 1556 706 beati
1583 657 1868 705 confessoris

444 733 754 791 decubuerat,
783 733 974 780 directis
1004 734 1228 797 vestigiis,
1255 734 1552 781 restauravit.
1589 737 1709 781 Nam
1732 750 1868 780 asse—

445 811 580 859 rebat
598 812 700 877 ipse
725 811 798 858 vir
821 811 909 858 Dei
931 812 1133 858 sensisse
1162 829 1211 858 se
1235 812 1371 875 quasi
1392 810 1520 858 beati
1549 812 1738 858 Martini
1768 827 1868 858 ma-

445 906 582 950 num,
616 905 728 936 cum
756 887 955 935 infirmae
985 888 1227 950 membra,
1257 889 1486 953 imposito
1520 888 1657 951 signo
1682 888 1865 947 crucis,

444 975 575 1013 tactu
596 965 791 1012 salutari
818 965 1048 1030 palparet.
1078 964 1349 1012 Advenerat
1378 966 1522 1013 etiam
1546 965 1595 1011 in
1626 963 1718 1010 hac
1743 963 1871 1010 festi-

445 1044 591 1091 vitate
627 1053 674 1090 et
707 1043 1039 1090 Florentianus
1077 1044 1232 1106 major
1272 1060 1385 1090 cum
1423 1041 1669 1089 Romulfo¹
1709 1041 1871 1106 palatii

446 1121 655 1168 comite.-
681 1121 870 1178 Quibus
901 1137 1001 1167 non
1035 1137 1182 1186 parva
1220 1120 1473 1168 admiratio
1511 1119 1596 1166 fuit
1634 1118 1695 1166 de
1723 1118 1873 1182 gloria

447 1198 756 1258 confessoris,
790 1215 875 1263 per
905 1215 1052 1262 quem
1076 1199 1317 1251 Dominus
1347 1198 1458 1246 talia
1494 1214 1623 1244 nunc
1645 1196 1873 1243 miracula

450 1276 671 1339 dignatus
693 1285 762 1323 est
788 1276 995 1340 operari.
1873 1264 1875 1266 ¹

1021 1462 1177 1499 CAPUT
1202 1463 1288 1497 VII.

928 1559 979 1592 De
997 1569 1065 1592 uva
1081 1555 1178 1604 apud
1198 1555 1396 1591 Galliciam.

521 1643 576 1694 Et
612 1640 725 1704 quia
765 1640 1054 1688 Florentiani
1089 1640 1285 1704 majoris
1319 1638 1603 1687 memoriam
1647 1638 1872 1697 fecimus,

454 1718 572 1782 quid
595 1718 656 1764 ab
679 1735 737 1765 eo
761 1717 1012 1765 didicerim
1029 1718 1162 1765 nefas
1180 1727 1298 1783 puto
1318 1718 1482 1765 taceri.
1505 1720 1739 1782 Tempore
1759 1732 1879 1780 quo-

454 1795 568 1842 dam
591 1812 734 1843 causa
760 1795 1009 1860 legationis
1033 1796 1282 1843 Galliciam
1307 1796 1446 1857 adiit,
1473 1806 1618 1859 atque
1648 1794 1709 1842 ad
1733 1795 1879 1841 Miro-

453 1873 531 1921 nis
556 1874 677 1938 regis
706 1874 1005 1938 praesentiam
1037 1874 1294 1932 accedens,
1328 1874 1519 1937 negotia
1552 1872 1774 1937 patefecit
1805 1872 1879 1918 in-

449 1950 633 2013 juncta.
665 1954 773 1998 Erat
791 1951 921 1998 enim
945 1968 1003 1998 eo
1027 1961 1245 2015 tempore
1262 1952 1384 1998 Miro
1403 1967 1485 1998 rex
1505 1952 1552 1997 in
1571 1951 1758 1997 civitate
1781 1949 1875 2009 illa,

455 2028 504 2074 in
528 2045 626 2093 qua
647 2029 869 2076 decessor
892 2028 992 2092 ejus
1014 2028 1261 2076 basilicam
1289 2029 1439 2076 sancti
1468 2027 1657 2075 Martini
1679 2025 1881 2075 aedifica-

455 2115 611 2165 verat,
639 2105 760 2152 sicut
787 2106 836 2152 in
868 2105 993 2152 libro
1016 2107 1174 2170 primo
1200 2105 1344 2169 hujus
1369 2105 1529 2170 operis
1550 2104 1874 2169 exposuimus.

460 2187 577 2229 Ante
598 2182 740 2246 hujus
764 2182 878 2230 aedis
900 2184 1159 2247 porticum,
1185 2183 1354 2230 vitium
1375 2198 1563 2229 camera
1582 2191 1774 2229 extensa
1795 2197 1883 2245 per

458 2259 675 2306 traduces
694 2296 705 2316 ,
733 2259 1118 2324 dependentibus
1144 2260 1278 2319 uvis,
1306 2259 1442 2323 quasi
1475 2259 1603 2324 picta
1627 2257 1873 2305 vernabat.

457 2334 556 2381 Sub
578 2335 669 2383 hac
693 2337 822 2383 enim
846 2346 946 2383 erat
969 2337 1162 2396 semita,
1191 2351 1296 2399 quae
1319 2335 1381 2382 ad
1413 2351 1555 2382 sacrae
1577 2334 1690 2382 aedis
1719 2334 1879 2381 valvas

456 2411 666 2476 peditem
701 2412 986 2460 deducebat.
1027 2416 1246 2476 Cumque
1271 2429 1352 2459 rex
1376 2412 1465 2459 sub
1495 2412 1586 2458 hac
1607 2411 1881 2476 praeteriens

455 2490 684 2536 orationis
701 2491 848 2554 gratia
858 2490 952 2537 hoc
970 2490 1200 2555 templum
1214 2489 1383 2549 adiret,
1398 2489 1514 2536 dixit
1533 2490 1629 2536 suis
1652 2507 1695 2535 z«
1707 2491 1878 2535 Cavete

455 2585 516 2614 ne
539 2569 824 2631 contingatis
857 2585 1007 2615 unum
1034 2584 1090 2615 ex
1127 2567 1200 2614 his
1231 2567 1564 2627 botrionibus,
1593 2583 1653 2613 ue
1680 2566 1875 2612 forsitan

508 2763 562 2810 (l)
580 2759 680 2798 Edili
699 2759 812 2800 codd.
841 2759 1024 2799 mendose
1045 2760 1261 2809 ΤιἠιιιΙμΙιο.
1284 2758 1363 2811 (R.)
