2028 3458
475 310 526 349 ¹⁶0
699 308 763 344 DE
793 303 1086 344 VIRTUTIBUS
1114 302 1286 340 SANCTI
1314 300 1538 338 MARTINI.
1560 321 1615 329 —
1633 303 1667 340 Ι.

473 399 596 465 quiae
626 397 794 446 domni
826 393 1014 442 Martini
1045 393 1093 438 in
1121 388 1368 438 Galliciam
1402 389 1800 450 transmittuntur,
1842 401 1890 438 et

474 477 584 525 ideo
610 476 677 523 sic
697 474 926 540 psallitur.
957 490 979 515 »
1002 473 1132 516 Tunc
1156 467 1221 514 illi
1244 467 1412 514 flentes
1439 467 1730 516 invocabant
1754 484 1888 516 sanc-

474 565 577 602 tum
611 553 887 610 Marfinum,
926 557 978 595 ut
1010 563 1092 594 eos
1131 561 1218 592 sua
1253 545 1519 592 visitatione
1556 545 1617 594 de
1652 545 1890 610 ergastulo

476 630 674 679 carceris
687 628 922 675 liberaret.
945 623 1279 686 Exterritisque
1297 621 1591 683 custodibus,
1608 633 1655 670 et
1667 623 1716 670 in
1735 623 1894 686 sugam

475 709 638 767 versis,
665 706 889 771 disruptis
918 702 1136 751 obicibus
1169 702 1567 762 retinaculorum,
1594 702 1716 750 liber
1738 719 1896 768 popu-

475 787 547 834 lus
571 785 717 848 surgit
739 800 766 831 a
788 782 1003 843 yinculo,
1033 790 1079 828 et
1100 781 1166 827 sic
1199 796 1348 843 usque
1383 780 1445 827 ad
1475 790 1637 828 sancta
1663 781 1862 844 pignora
1881 818 1893 839 ‚

477 862 658 929 populo
684 869 979 926 expectante,
1003 867 1255 917 venerunt,
1280 857 1549 905 osculantes
1586 858 1748 906 flendo
1781 857 1896 905 bea—

476 951 546 988 tas
579 939 826 1004 reliquias,
853 937 1087 1001 simulque
1121 945 1168 983 et
1198 936 1371 1000 gratias
1402 935 1546 983 beato
1580 936 1785 983 Martino
1808 952 1898 1000 pro
1943 929 1948 933 ⁴

477 1018 550 1065 sui
580 1016 880 1064 absolutione
910 1014 1194 1075 reddentes,
1230 1013 1364 1077 quod
1397 1030 1480 1061 eos
1511 1013 1732 1078 dignatus
1762 1012 1902 1060 fuerit

478 1110 564 1142 sua
591 1094 761 1159 pietate
793 1093 989 1140 salvare.
1016 1094 1147 1138 Tunc
1172 1090 1380 1138 obtentis
1408 1108 1495 1157 per
1518 1090 1815 1139 sacerdotem
1836 1092 1847 1114 ¹
1871 1106 1900 1137 a

475 1171 636 1237 judice
655 1171 825 1237 culpis,
850 1170 1113 1217 incolumes
1137 1168 1320 1216 dimissi
1343 1179 1469 1216 sunt.
1509 1169 1653 1227 Quod
1683 1167 1902 1221 videntes

480 1258 734 1314 gestatores
767 1248 1096 1312 reliquiarum,
1131 1247 1277 1310 gavisi
1305 1257 1416 1294 sunt
1452 1247 1615 1308 valde,
1651 1246 1895 1294 dicentes:

485 1348 507 1371 «
535 1331 671 1374 Nunc
686 1326 996 1390 cognovimus
1013 1325 1147 1390 quod
1168 1325 1390 1389 dignatur
1409 1324 1578 1373 beatus
1598 1325 1792 1377 antistes
1811 1340 1903 1371 no-

482 1404 556 1452 bis
574 1402 902 1469 peccatoribus
926 1403 1189 1468 propitium
1205 1419 1253 1449 se
1267 1402 1494 1468 praebere.
1522 1423 1544 1447 »
1569 1406 1626 1449 Et
1644 1403 1710 1450 sic
1735 1402 1905 1465 gratias

483 1492 697 1547 agentes,
724 1482 911 1546 navigio
937 1497 1168 1546 prospero
1186 1516 1198 1540 ‚
1227 1490 1549 1546 prosequente
1568 1481 1761 1545 patroni
1785 1497 1904 1544 prae-

483 1559 623 1621 sidio,
643 1559 782 1607 undis
798 1558 1000 1620 lenibus,
1020 1559 1294 1623 temperatis
1313 1558 1521 1619 flatibus,
1538 1558 1645 1606 velo
1667 1557 1902 1623 pendulo,

485 1638 605 1685 mari
628 1637 902 1702 tranquill0,
927 1635 1153 1684 velociter
1175 1635 1238 1684 ad
1261 1646 1458 1702 portum
1479 1636 1687 1683 Galliciae
1703 1637 1718 1660 ²
1735 1652 1908 1700 perve-

485 1724 676 1764 nerunt.
714 1717 846 1762 Tunc
877 1714 1203 1762 commonitus
1243 1730 1271 1761 a
1308 1717 1411 1762 Deo
1450 1714 1664 1778 quidam,
1710 1714 1907 1761 nomine

483 1791 712 1850 Martinus
731 1793 763 1853 ³,
799 1792 858 1839 de
894 1793 1087 1856 regione
1126 1792 1419 1857 longinqua,
1452 1792 1535 1856 qui
1565 1790 1746 1838 ibidem
1778 1808 1907 1838 nunc

486 1860 706 1916 sacerdos
732 1868 960 1930 habetur,
998 1869 1207 1917 advenit.
1246 1868 1340 1916 Sed
1375 1885 1464 1916 nec
1492 1869 1587 1915 hoc
1622 1868 1767 1916 credo
1805 1869 1907 1915 sine

487 1946 649 1994 divina
672 1947 811 1994 fuisse
832 1947 1151 2012 providentia,
1176 1946 1311 2010 quod
1331 1963 1389 1994 eo
1412 1946 1489 1994 die
1507 1963 1557 1994 se
1579 1936 1908 1994 commoveret

488 2023 549 2071 de
565 2025 716 2089 patria
732 2041 828 2088 quo
845 2024 994 2073 beatae
1010 2025 1220 2089 reliquiae
1238 2024 1298 2072 de
1318 2024 1426 2072 loco
1442 2025 1604 2072 levatae
1622 2034 1749 2084 sunt,
1772 2034 1820 2072 et
1841 2026 1908 2072 sic

490 2100 628 2148 simul
651 2118 760 2149 cum
784 2102 896 2167 ipsis
919 2101 1201 2168 pignoribus
1229 2102 1435 2150 Galliciae
1455 2111 1651 2167 portum
1672 2102 1910 2165 ingressus

491 2178 566 2225 sit.
586 2181 701 2237 Quae
713 2181 912 2244 pignora
926 2197 1036 2227 cum
1052 2196 1240 2228 summa
1258 2180 1563 2228 veneratione
1581 2179 1906 2266 suscipientes,

493 2254 637 2302 fidem
679 2257 914 2304 miraculis
959 2257 1167 2305 firmant.
1209 2261 1329 2306 Nam
1359 2256 1484 2305 filius
1521 2257 1676 2322 regis,
1702 2254 1909 2305 dimissa

545 2454 602 2508 (1)
627 2455 673 2495 Id
697 2464 753 2495 est
783 2457 1030 2510 episcopum,
1061 2457 1206 2497 scilicet
1231 2459 1521 2505 Turonensem,
1551 2456 1620 2497 ubi
1639 2458 1721 2498 haec
1740 2457 1909 2511 ageban-

493 2528 569 2559 tur.
614 2523 660 2560 R.

546 2520 612 2639 (2)<
624 2520 745 2627 Cli-F.
772 2590 898 2627 Gallie
916 2597 955 2627 et
972 2588 1073 2628 infra
1093 2590 1289 2640 Gallicioe‚·
1307 2602 1394 2642 sup.
1419 2591 1497 2628 243
1519 2591 1657 2630 Gallie.

546 2653 603 2708 (3)
621 2655 779 2707 Aliquot
813 2669 902 2696 mss.
939 2673 947 2696 ε
985 2661 1085 2696 Tunc
1114 2659 1353 2696 commonitus
1381 2672 1407 2695 a
1433 2661 1513 2696 Deo
1542 2659 1671 2697 beatus
1698 2659 1906 2698 Martium.

494 2721 635 2762 Confer,
650 2735 735 2774 quae
754 2722 793 2760 in
817 2723 990 2762 Historiae
1013 2723 1112 2763 libro
1139 2738 1165 2762 v
1188 2737 1274 2776 cap.
1306 2725 1355 2762 38
1376 2724 1424 2762 de
1451 2738 1498 2763 eo
1526 2725 1719 2771 dicuntur,
1745 2733 1783 2762 et
1807 2723 1909 2775 apud

494 2786 683 2828 Isidorum
701 2789 740 2828 in
760 2789 857 2829 libro
880 2789 928 2830 de
945 2790 1044 2831 Viris
1062 2792 1118 2831 ill.
1143 2804 1339 2844 cap.xxxv
1362 2821 1371 2831 .
1391 2791 1475 2846 (R.)
