2028 3458
374 331 424 369 94
586 332 651 369 DE
679 330 976 368 VIRTUTIBUS
1004 331 1177 368 SANCTI
1205 332 1431 370 MARTINI.
1453 354 1505 361 —
1525 335 1576 370 11.

372 420 568 468 scientia
580 421 866 480 teterrimus,
882 429 929 466 et
940 420 1145 484 peccatis
1159 418 1435 480 obvolutus,
1451 422 1534 468 sed
1547 421 1792 470 tribuente

374 496 501 545 fideli
532 501 651 558 Deo,
677 499 757 562 qui
790 507 928 544 vocat
959 514 1015 544 ea
1048 514 1154 562 quae
1183 515 1283 545 non
1312 509 1441 560 sunt,
1474 511 1706 564 tanquam
1735 518 1792 548 ea

373 591 478 638 quae
501 585 628 636 sunt,
666 592 789 621 onus
820 575 1122 639 episcopatus
1157 575 1381 640 indignus
1409 579 1591 643 accepi.
1627 581 1791 626 Mense

372 662 530 699 autem
549 651 760 698 secundo
784 651 1101 699 ordinationis
1124 669 1258 713 meae,
1281 670 1392 700 cum
1414 671 1568 702 essem
1585 656 1634 702 in
1660 655 1787 717 villa,

371 730 549 776 incurri
578 729 898 793 dysenteriam
924 746 1035 776 cum
1070 729 1202 777 febre
1235 731 1415 791 valida,
1451 742 1499 779 et
1526 733 1683 780 taliter
1716 734 1790 797 agi

369 807 508 871 coepi,
539 817 591 853 ut
614 808 895 855 imminente
924 818 1079 855 morte
1110 809 1270 856 vivere
1300 811 1593 859 omnimodis
1625 811 1791 876 despe-

368 900 542 931 rarem.
569 884 856 932 Emittebam
874 895 1035 933 autem
1059 886 1248 934 assidue
1263 886 1587 950 digestionum
1611 889 1785 949 officia,

371 979 475 1026 quae
496 963 712 1027 accipere
735 980 837 1010 non
860 974 1083 1028 poterant
1107 966 1385 1031 inexpensa,
1418 977 1465 1014 et
1488 977 1588 1014 erat
1617 967 1792 1014 horror

368 1039 488 1099 cibi;
505 1057 709 1104 cumque
721 1041 782 1088 ab
795 1042 954 1089 inedia
968 1042 1194 1090 deficeret
1206 1044 1356 1090 virtus
1375 1043 1627 1105 stomachi,
1649 1044 1792 1091 febris

366 1128 555 1165 tantum
578 1128 677 1166 erat
699 1120 852 1166 victus
871 1122 1081 1186 corpori.
1099 1124 1219 1168 Nam
1239 1122 1513 1169 nullatenus
1532 1121 1792 1170 accedebat

368 1196 656 1244 confortatio
695 1206 978 1262 sumptuosa
1008 1218 1020 1245 :
1054 1208 1157 1246 erat
1187 1209 1350 1247 autem
1384 1207 1431 1247 et
1462 1199 1604 1247 dolor
1638 1201 1790 1264 gravis

368 1283 519 1322 totam
552 1275 713 1322 alvum
746 1285 1020 1340 penetrans,
1057 1286 1104 1324 et
1134 1276 1432 1326 descendens
1461 1278 1519 1324 ad
1553 1278 1649 1338 ilia,
1689 1295 1789 1325 non

370 1367 446 1398 me
469 1352 625 1399 minus
646 1369 936 1401 consumens
958 1363 1142 1402 tortura
1169 1371 1255 1403 sua
1278 1371 1425 1420 quam
1448 1355 1593 1403 febris
1624 1372 1791 1419 exege-

369 1439 457 1476 rat.
480 1431 699 1494 Cumque
719 1432 785 1478 sic
806 1441 1026 1495 ageretur
1044 1449 1253 1495 mecum,
1284 1442 1339 1479 ut
1361 1450 1462 1480 non
1486 1434 1791 1481 remansisset

369 1523 476 1571 spes
491 1508 616 1568 vitae,
633 1508 718 1556 sed
733 1519 907 1557 cuncta
926 1509 1274 1576 deputarentur
1287 1511 1336 1558 in
1357 1511 1540 1572 funere,
1559 1528 1648 1558 nec
1668 1510 1794 1558 vale·

368 1594 441 1631 ret
463 1586 653 1650 penitus
676 1586 852 1634 medici
886 1587 1180 1649 antidotum,
1208 1606 1357 1654 quem
1388 1606 1520 1637 mors
1547 1590 1792 1654 mancipa-

367 1672 500 1710 verat
516 1663 578 1710 ad
591 1663 911 1729 perdendum,
934 1682 1024 1730 ego
1043 1667 1145 1732 ipse
1161 1666 1222 1715 de
1236 1684 1313 1714 me
1326 1666 1604 1733 desperans,
1622 1668 1791 1715 vocavi

369 1740 719 1788 Armentarium
730 1741 1099 1803 archiatrum,et
1117 1743 1228 1791 dico
1242 1744 1310 1791 ei:
1333 1763 1355 1788 α
1372 1746 1531 1791 Omne
1545 1744 1794 1808 ingenium

368 1816 553 1865 artificii
590 1819 659 1866 tui
689 1819 995 1885 impendisti,
1039 1822 1400 1887 pigmentorum
1435 1822 1658 1870 omnium
1692 1822 1791 1870 vim

362 1893 466 1957 jam
500 1895 732 1960 probasti,
767 1897 851 1945 sed
876 1898 995 1946 nihil
1024 1898 1217 1965 proficit
1248 1900 1464 1965 perituro
1501 1917 1575 1947 res
1610 1899 1788 1948 saeculi.

370 1973 530 2019 Unum
565 1984 709 2021 restat
741 1975 874 2039 quod
916 1976 1084 2024 faciam
1103 2014 1116 2034 ‚
1150 1994 1375 2041 magnam
1410 1977 1497 2024 tibi
1533 1977 1793 2025 theriacam

371 2050 639 2097 ostendam.
674 2051 926 2099 Pulverem
963 2053 1024 2101 de
1055 2056 1373 2102 sacratissimo
1402 2055 1571 2102 domni
1605 2054 1794 2100 Martini

370 2127 591 2191 sepulcro
608 2128 798 2188 exhibe,
816 2139 863 2177 et
878 2130 1052 2178 exinde
1072 2131 1189 2178 mihi
1208 2132 1348 2179 facito
1363 2133 1629 2197 potionem.
1649 2130 1793 2187 Quod

370 2204 406 2249 si
433 2204 526 2251 hoc
548 2221 647 2252 non
666 2207 882 2269 valuerit,
905 2209 1078 2256 amissa
1102 2219 1213 2256 sunt
1239 2211 1403 2258 omnia
1427 2208 1664 2257 evadendi
1684 2226 1792 2274 per-

316 2332 319 2335 ,
372 2280 514 2344 sugia.
531 2303 553 2326 «
576 2285 708 2330 Tunc
728 2285 872 2331 misso
891 2284 1099 2332 diacono
1122 2287 1183 2333 ad
1208 2287 1503 2335 antedictum
1524 2286 1652 2334 beati
1677 2303 1794 2351 prae-

369 2358 482 2405 sulis
502 2361 757 2418 tumulum,
788 2362 848 2408 de
866 2374 1168 2411 sacrosancto
1197 2365 1392 2428 pulvere
1413 2364 1646 2424 exhibuit,
1670 2365 1793 2411 dilu-

370 2444 569 2500 tumque
602 2438 719 2484 mihi
748 2440 1001 2503 porrigunt
1034 2441 1095 2487 ad
1131 2441 1414 2489 bibendum.
1449 2446 1557 2500 Quo
1599 2443 1789 2501 hausto,

371 2529 481 2560 mox
508 2515 642 2561 omni
658 2516 824 2563 dolore
838 2516 1021 2578 sedatO,
1042 2520 1293 2566 sanitatem
1318 2521 1475 2585 recepi
1497 2521 1557 2567 de
1584 2520 1788 2567 tumulo·

369 2591 423 2636 In
443 2608 543 2655 quo
563 2601 660 2639 tam
682 2610 888 2658 praesens
913 2594 999 2642 fuit
1017 2595 1326 2656 beneficium,
1352 2607 1405 2644 ut
1428 2615 1539 2645 cum
1562 2598 1612 2645 id
1631 2607 1792 2645 actum

369 2667 510 2716 fuerit
531 2669 652 2718 hora
668 2672 823 2733 tertia,
846 2672 1100 2721 incolumis
1110 2675 1421 2739 procederem
1437 2677 1497 2724 ad
1519 2676 1793 2724 convivium

370 2746 470 2812 ipsa
494 2746 571 2795 die
594 2748 656 2796 ad
677 2759 876 2798 sextam.

436 2826 603 2874 Visum
617 2837 688 2875 est
705 2838 754 2876 et
775 2828 870 2876 hoc
890 2829 1097 2878 inserere
1120 2831 1331 2894 lectioni,
1351 2833 1555 2898 qualiter
1575 2851 1652 2881 me
1666 2836 1792 2882 Deus
