2028 3458
428 270 503 306 326
630 270 696 305 DE
725 262 1019 306 VIRTUTIBUS
1052 270 1222 307 SANCTI
1255 272 1478 309 MARTINI.
1500 292 1553 299 —
1572 274 1636 311 lv.

425 366 512 403 tas.
550 356 734 403 Auditis
772 366 930 402 autem
973 356 1095 402 beati
1148 358 1335 404 Martini
1377 359 1639 420 miraculis,
1689 379 1839 409 unum

425 435 643 481 triantem
678 434 832 480 nautis
863 434 1095 498 porrexit,
1128 433 1334 482 innuens
1364 453 1473 483 cum
1497 438 1841 503 supplicatione

426 522 476 558 ut
499 528 608 558 eum
633 511 692 557 ad
718 510 841 557 beati
866 511 1087 557 antistitis
1121 512 1352 576 templum
1375 512 1630 562 deferrent.
1657 516 1841 572 Quibus

423 588 724 649 abeuntibus,
747 588 824 635 ille
855 588 914 634 ad
939 588 1139 646 domum
1166 605 1299 636 suam
1323 607 1562 650 reversus,
1589 594 1706 640 vidit
1732 604 1841 642 ante

422 667 566 733 pedes
591 683 703 713 suos
725 682 924 713 aureum
948 667 996 713 in
1021 666 1381 714 similitudinem
1404 669 1603 717 triantiS.
1632 674 1741 728 Quo
1771 690 1841 719 as-

421 754 614 810 sumpto
655 754 967 808 pensatoque,
1000 745 1142 791 unius
1170 744 1309 791 solidi
1344 762 1581 811 appensus
1613 759 1681 796 est
1724 767 1841 815 pon-

422 824 552 871 dere.
578 823 721 882 Quod
738 823 816 871 ille
836 838 1054 882 cernens,
1069 823 1185 870 dixit
1199 824 1322 872 intra
1342 841 1391 872 se
1412 845 1422 871 ε
1445 847 1467 873 «
1490 826 1711 890 Reddidit
1727 829 1841 875 mihi

423 903 570 950 virtus
602 902 728 948 beati
767 902 955 948 Martini
995 902 1216 948 meritum
1251 919 1340 967 pro
1379 902 1542 950 fenore
1575 904 1707 968 quod
1742 905 1843 968 ejus

422 980 602 1045 templo
624 979 788 1026 direxi.
808 1000 829 1022 n
858 982 915 1026 Et
932 996 1161 1026 accensus
1184 979 1438 1039 desiderio,
1461 981 1611 1029 voluit
1630 983 1677 1029 in
1698 1001 1840 1031 unam

423 1069 564 1123 atque
591 1058 730 1105 aliam
755 1058 914 1104 navim
939 1058 1288 1119 conscendere,
1316 1059 1397 1105 sed
1422 1075 1447 1106 a
1474 1061 1751 1124 parentibus
1775 1072 1844 1109 est

425 1145 650 1183 retentus.
679 1138 875 1200 Reperta
904 1145 1062 1182 autem
1087 1136 1226 1182 tertia
1260 1137 1395 1195 navi,
1428 1138 1620 1184 retineri
1654 1140 1845 1203 penitus

423 1229 522 1259 non
543 1213 715 1277 potuit.
738 1214 844 1269 Qua
858 1228 1068 1271 ascensa,
1096 1228 1205 1258 cum
1227 1212 1502 1277 impellente
1526 1225 1669 1261 vento
1696 1217 1842 1262 altum

418 1305 554 1351 ,mare
581 1290 775 1352 ingressi
806 1289 1019 1347 fuissent,
1052 1306 1106 1335 os
1136 1289 1237 1352 ejus
1266 1290 1413 1336 virtus
1448 1292 1597 1337 sancti
1626 1293 1845 1339 antistitis

423 1367 665 1414 reseravit.
681 1367 792 1424 Qui,
811 1367 1014 1413 extensis
1031 1366 1089 1413 ad
1106 1367 1278 1413 coelum
1296 1366 1533 1428 manibus,
1550 1368 1737 1416 locutus
1754 1381 1839 1432 est,

422 1444 585 1491 dicens
611 1462 620 1490 :
644 1464 673 1497 ,ει
705 1445 888 1491 Gratias
913 1444 999 1491 tibi
1024 1461 1131 1508 ago,
1157 1445 1464 1509 omnipotens
1491 1449 1634 1505 Deus,
1662 1448 1743 1512 qui
1768 1466 1844 1494 me

421 1524 516 1570 hoc
532 1523 621 1569 iter
636 1522 818 1568 sulcare
832 1522 1028 1585 jussisti.
1049 1525 1152 1569 Jam
1172 1523 1299 1569 enim
1317 1523 1593 1587 priusquam
1614 1526 1843 1591 templum

424 1600 573 1647 sancti
588 1600 656 1646 tui
674 1599 879 1655 videam,
894 1599 994 1661 ejus
1008 1599 1205 1646 refertus
1218 1617 1323 1646 sum
1337 1600 1598 1649 beneficiis.
1618 1623 1641 1646 )>
1661 1603 1844 1661 Quibus

423 1676 753 1741 navigantibus
789 1676 1058 1740 Burdegalae
1084 1677 1191 1724 urbi
1224 1678 1410 1743 appulsi
1441 1690 1583 1726 sunt:
1614 1698 1846 1745 egressus-

423 1773 516 1821 que
548 1755 658 1802 hinc
692 1754 752 1802 de
782 1755 909 1812 navi,
936 1755 995 1801 ad
1020 1755 1267 1803 basilicam
1291 1757 1440 1804 sancti
1474 1759 1559 1805 Dei
1593 1760 1839 1819 accedens,

423 1851 479 1882 ac
505 1843 669 1881 votum
698 1851 839 1880 suum
867 1834 1129 1892 exsolvens,
1157 1851 1261 1899 quae
1293 1836 1588 1901 scripsimuS,
1615 1836 1676 1885 ab
1698 1838 1844 1903 ipsius

424 1927 505 1958 ore
528 1911 670 1958 relata
693 1910 1028 1974 cognovimus.

994 2077 1151 2112 CAPUT
1174 2077 1272 2114 XLI.

779 2174 833 2207 De
849 2181 1028 2207 contracto
1048 2182 1081 2207 et
1097 2173 1297 2208 vinculatis¹
1319 2174 1483 2211 liberatis.

490 2268 588 2314 Alia
615 2284 729 2314 vero
755 2267 1003 2315 festivitate
1026 2268 1326 2328 adveniente,
1348 2271 1518 2333 quaein
1538 2270 1698 2318 hieme
1723 2272 1842 2319 cele-

422 2345 604 2402 bratur,
633 2345 887 2392 Maurellus
910 2347 1103 2410 quidam
1122 2363 1178 2393 ex
1201 2347 1350 2394 domo
1371 2349 1723 2409 Ponticonensi,
1751 2366 1843 2396 ser-

422 2440 507 2469 vus
539 2423 669 2486 Agini
695 2423 845 2480 ducis,
880 2425 960 2486 qui
996 2416 1157 2471 mense
1193 2427 1365 2471 martio
1405 2443 1489 2489 per
1521 2427 1842 2474 incursionem

421 2501 584 2547 nescio
607 2518 751 2564 quam
777 2501 918 2570 unius
941 2501 1132 2566 poplitis
1156 2503 1428 2566 perdiderat
1455 2521 1593 2551 usum
1609 2541 1621 2562 ,
1650 2515 1693 2551 et
1717 2521 1841 2568 gres-

421 2594 526 2623 sum
566 2577 707 2640 figere
745 2595 841 2624 non
875 2578 1060 2638 valens,
1099 2579 1315 2626 adhibito
1350 2580 1439 2627 sibi
1471 2581 1531 2627 ad
1570 2583 1841 2644 geniculum

473 2771 526 2816 (i)
548 2769 792 2816 carcerat-iate,
814 2770 934 2807 2204.
