2028 3458
422 282 499 319 218
624 283 689 318 DE
718 280 1009 317 VIRTUTIBUS
1039 279 1209 317 SANCTI
1238 281 1461 317 MARTINI.
1483 281 1616 316 —111.

422 385 566 416 unam
582 368 764 415 habens
779 367 1048 414 obturatam
1064 383 1245 427 aurem,
1261 367 1335 413 vix
1356 367 1414 413 de
1428 367 1518 413 alia
1531 376 1715 432 poterat
1727 383 1831 431 quae

421 446 736 510 loquebamur
758 445 1021 491 advertere.
1046 448 1221 490 Verum
1256 444 1338 491 ubi
1371 443 1657 490 sufficienter
1678 445 1834 491 collo-

422 524 534 587 quio
556 523 626 568 usi
649 539 829 578 sumuS,
858 522 934 568 ille
957 522 1004 567 in
1026 521 1227 568 domum
1251 531 1448 567 vocatur
1469 521 1690 567 ecclesiae.
1717 525 1834 567 Pro-

425 602 548 646 tinus
582 600 721 662 igitur
757 609 809 645 ut
848 615 876 645 a
909 615 984 644 me
1022 598 1249 658 discessit,
1283 597 1498 662 disrupta
1528 600 1654 645 auris
1682 599 1834 645 surdae

422 677 640 734 claustra,
668 686 715 722 et
747 677 881 740 quasi
914 692 1138 739 magnum
1163 675 1332 722 exinde
1361 684 1555 722 ventum
1579 676 1704 722 exire
1726 693 1833 722 sen-

424 754 571 813 tiens,
606 753 821 800 auditum
859 754 1058 818 recepit3
1106 769 1415 815 reversusque
1455 754 1684 799 continuo
1719 753 1836 799 mihi

423 831 592 894 gratias
624 847 760 893 agere
788 832 940 896 caepit,
968 831 1131 878 dicens
1159 848 1169 875 ε
1210 850 1231 872 <c
1257 830 1410 877 Tertia
1442 830 1542 892 Jam
1579 830 1679 876 dies
1716 840 1832 887 erat,

422 908 554 972 quod
572 908 632 955 de
657 909 747 955 hac
767 925 879 955 aure
903 909 1119 956 auditum
1143 908 1409 965 amiseram,
1437 906 1521 953 sed
1543 923 1652 953 cum
1679 916 1836 952 tecum

423 985 662 1049 loquerer,
690 986 812 1032 sensi
835 986 1060 1033 velociter
1086 994 1359 1032 reseratam.
1390 1004 1412 1027 2>
1452 987 1583 1030 Tunc
1603 1000 1692 1046 ego
1715 1000 1836 1030 con-

425 1062 571 1110 fessus
591 1080 650 1109 ne
671 1063 787 1109 mihi
810 1063 910 1110 baec
933 1063 1296 1121 ascriberentur,
1327 1062 1403 1108 aio
1432 1079 1441 1105 :
1474 1083 1494 1104 ι(
1518 1061 1641 1118 Noli,
1668 1061 1839 1108 dulcis-

424 1141 539 1187 sime
560 1139 643 1199 fili,
669 1140 785 1186 mihi
814 1140 992 1204 aliquid
1029 1140 1285 1203 gratiarum
1318 1139 1509 1194 referre,
1534 1138 1616 1184 sed
1640 1139 1679 1184 ei
1706 1138 1839 1201 cujus

424 1216 509 1262 tibi
534 1218 681 1263 virtus
712 1217 927 1263 auditum
958 1217 1177 1263 restituit.
1205 1220 1322 1263 Nam
1348 1217 1466 1263 scias
1493 1215 1616 1262 beati
1650 1215 1836 1262 Martini

426 1309 614 1339 mecum
643 1293 809 1339 baberi
855 1294 1082 1357 pignora,
1116 1297 1251 1357 cujus
1290 1292 1375 1339 tibi
1406 1293 1618 1356 potentia
1649 1291 1839 1338 auditus

425 1371 625 1431 gravitas
649 1380 716 1417 est
738 1371 952 1435 depulsa.
984 1391 1005 1413 ))

974 1533 1130 1567 CAPUT
1154 1533 1292 1569 XVIII.

894 1618 946 1651 De
963 1617 1165 1651 infirmitate
1181 1629 1350 1664 pecorum
1358 1643 1365 1650 .

491 1709 714 1765 Quodam
735 1726 848 1756 vero
871 1719 1086 1774 tempore
1113 1710 1228 1756 dum
1254 1726 1375 1757 saeva
1396 1709 1496 1756 lues
1520 1709 1672 1755 taliter
1696 1708 1839 1754 desae-

426 1787 545 1833 viret
565 1787 611 1832 in
633 1804 824 1851 pecora,
853 1797 903 1834 ut
923 1804 1010 1834 nec
1035 1788 1096 1834 ad
1119 1787 1500 1852 recuperandum
1527 1803 1676 1849 genus
1698 1795 1842 1850 puta-

427 1873 556 1910 retur
579 1863 775 1926 aliquod
798 1881 1062 1923 remanere,
1092 1865 1286 1929 quidam
1316 1865 1376 1912 de
1401 1865 1572 1911 nostris
1603 1863 1843 1909 basilicam

427 1951 639 1988 sanctam
664 1943 797 2003 adiit,
827 1943 1082 2006 oleumque
1115 1943 1402 2002 lichnorum,
1429 1944 1510 2006 qui
1534 1957 1731 1988 camerae
1763 1940 1843 1986 de·

427 2019 717 2082 pendebant,
734 2020 940 2083 suscepit
954 2037 1062 2066 cum
1081 2020 1193 2084 ipsis
1218 2021 1351 2082 aquis
1374 2021 1420 2065 in
1438 2019 1649 2077 vasculo,
1673 2017 1843 2081 depor-

430 2105 677 2159 tatumque
699 2097 747 2142 in
774 2096 992 2153 domum,
1020 2113 1194 2160 pecora
1227 2115 1330 2161 quae
1362 2097 1519 2143 adbuc
1541 2096 1619 2142 hic
1643 2094 1840 2141 morbus

430 2190 529 2219 non
572 2175 786 2237 attigerat
807 2212 818 2233 ‚
867 2176 1164 2239 intinctoque
1213 2175 1361 2238 digito
1404 2176 1451 2220 in
1499 2175 1710 2237 liquore,
1756 2189 1841 2236 per

430 2250 607 2297 frontes
630 2261 676 2297 et
690 2251 831 2298 dorsa
843 2269 982 2298 cruce
1000 2253 1239 2299 dominica
1254 2254 1420 2316 signat,
1441 2253 1648 2316 ipsisque
1668 2252 1843 2296 anima-

431 2326 553 2373 libus
591 2338 722 2374 tcrrac
764 2329 975 2391 dejcctis,
1008 2347 1063 2377 ac
1092 2331 1390 2395 resupinatis,
1422 2347 1476 2375 ex
1506 2329 1598 2375 hoc
1632 2328 1843 2390 unguine

431 2403 524 2451 fide
542 2405 710 2469 plenus
733 2407 965 2453 infuditin
991 2425 1089 2454 ore.
1110 2410 1218 2454 Mox
1239 2408 1367 2454 dicto
1381 2408 1533 2468 citius,
1552 2406 1843 2454 clandestina

432 2492 560 2547 peste
586 2484 828 2548 propulsa,
853 2502 1026 2549 pecora
1058 2484 1252 2532 liberata
1280 2495 1405 2531 sunt.
