2028 3458
488 278 538 314 51.
708 276 774 311 DE
807 270 1099 309 VIRTUTIBUS
1133 269 1304 306 SANCTI
1343 267 1569 304 MARTINI.
1592 287 1641 294 —
1662 268 1692 303 1.

488 363 801 429 perducente,
824 360 956 407 caecis
968 356 1148 406 affatim
1171 355 1270 403 dux
1294 354 1453 402 sutura
1474 371 1683 418 regressa
1707 356 1910 411 sit.Quae

486 450 651 507 postea
667 440 823 486 virum
843 435 1101 500 accipiens,
1115 442 1162 480 et
1175 431 1297 479 filios
1314 449 1563 496 generans,
1586 431 1908 497 recuperatori

486 518 656 582 gratias
678 502 897 581 rependit
909 509 1182 559 incolumis.

1066 678 1223 714 CAPUT
1249 678 1333 715 XX.

945 783 998 817 De
1013 782 1206 817 Ammonio
1224 782 1458 831 praecipitatO.

555 894 613 938 Et
635 891 744 956 quia
769 888 842 936 bis
862 898 944 936 aut
966 890 1107 936 tertio
1131 889 1191 937 de
1209 889 1310 936 sola
1335 889 1529 953 gloriosi
1551 888 1760 935 nominis
1779 889 1913 936 invo-

489 971 696 1028 catione,
722 978 769 1016 et
801 969 999 1015 virtutes
1021 968 1184 1030 factas,
1206 978 1252 1015 et
1282 968 1495 1033 pericula
1518 968 1681 1015 sedata
1702 968 1914 1014 narravi-

489 1065 614 1109 mus,
639 1046 840 1111 qualiter
865 1046 1061 1109 quidam
1095 1047 1313 1112 pereunti
1345 1050 1393 1093 in
1419 1047 1523 1112 ipso
1558 1047 1727 1093 mortis
1753 1046 1915 1111 praeci-

488 1126 607 1192 pitio
636 1125 806 1172 beatus
846 1124 1060 1189 pontifex
1088 1125 1339 1172 invocatus
1374 1124 1750 1173 sustentaculum
1797 1142 1914 1189 prae-

488 1204 692 1262 buisset‚
730 1202 969 1249 evolvam.
998 1203 1281 1250 Ammonius
1311 1203 1509 1267 quidam
1546 1206 1709 1266 agens¹
1745 1213 1917 1249 sanctae

489 1281 707 1342 basilicae,
736 1280 854 1327 dum
884 1279 945 1326 de
980 1297 1117 1328 coena
1146 1281 1441 1328 madefactus
1470 1282 1584 1328 vino
1617 1282 1818 1341 veniret,
1855 1281 1915 1327 de

492 1376 610 1424 rupe
626 1358 808 1406 excelsa
825 1374 931 1422 quae
946 1359 1033 1405 viae
1052 1360 1377 1423 conjungitur,
1390 1359 1585 1405 inimico
1602 1359 1913 1423 impingente,

492 1438 829 1504 praecipitatur.
859 1439 969 1484 Erat
1007 1447 1181 1507 autem*
1206 1437 1504 1502 profundum
1536 1437 1630 1483 loci
1662 1436 1788 1482 illius
1822 1424 1931 1483 fere

491 1517 812 1563 ducentorum
834 1515 1032 1580 pedum.
1060 1518 1279 1580 Cumque
1299 1532 1386 1580 per
1402 1515 1781 1581 profunditatem
1798 1531 1918 1579 prae-

492 1594 640 1660 cipitii
660 1593 784 1640 illius
805 1603 1059 1651 rotaretur,
1087 1603 1133 1640 et
1152 1593 1379 1641 deorsum
1396 1595 1498 1641 sine
1516 1592 1699 1640 alarum
1720 1594 1919 1656 remigio

496 1672 731 1733 volitaret,
759 1672 909 1719 sancti
931 1672 1120 1719 Martini
1146 1672 1375 1719 auxilium
1397 1690 1483 1738 per
1505 1671 1690 1737 singula
1711 1672 1918 1719 descen-

492 1751 640 1798 sionis
669 1767 765 1798 suae
792 1760 1040 1798 momenta
1074 1750 1325 1798 clamabat.
1361 1754 1494 1798 Tunc
1527 1752 1663 1816 quasi
1697 1751 1921 1798 manibus

493 1829 699 1877 aliorum
718 1829 779 1877 de
798 1831 1019 1895 jumento
1043 1847 1132 1877 suo
1154 1846 1394 1890 excussus,
1421 1847 1564 1896 super
1582 1829 1796 1887 arbores,
1817 1847 1922 1894 quae

497 1907 608 1955 valli
641 1908 846 1966 inerant,
873 1907 1111 1972 dejicitur.
1143 1910 1202 1955 Et
1232 1909 1300 1956 sic
1333 1909 1561 1974 paulatim
1592 1924 1678 1973 per
1710 1907 1923 1972 singulos

424 2000 429 2006 ’
496 2002 656 2032 ramos
691 1985 1003 2045 descendens,
1051 1986 1154 2033 sine
1190 1986 1359 2033 mortis
1397 1986 1611 2052 periculo
1641 1985 1703 2032 ad
1746 1995 1922 2033 terram

500 2078 649 2126 usque
680 2064 914 2128 pervenit.
940 2066 1117 2110 Tamen
1151 2074 1203 2111 ut
1239 2080 1362 2129 opus
1394 2063 1682 2111 insidiatoris
1714 2079 1813 2110 non
1842 2081 1920 2110 us-

498 2157 781 2205 quequaque
795 2141 1444 2207 videreturcassatum,quod
1457 2142 1606 2190 fuerat
1620 2141 1918 2200 inchoatum,

501 2234 653 2264 unum
675 2218 850 2282 pedem
884 2220 983 2283 ejus
1009 2219 1176 2267 leviter
1208 2219 1351 2267 laedit.
1390 2220 1480 2268 Sed
1506 2220 1704 2267 veniens
1732 2220 1793 2267 ad
1818 2219 1920 2282 glo-

500 2294 612 2341 riosi
625 2294 792 2341 domni
805 2297 995 2344 Martini
1015 2297 1264 2362 templum,
1279 2298 1485 2345 orationi
1503 2297 1802 2355 incumbens,
1818 2314 1922 2344 om·

500 2389 611 2420 nem
633 2373 730 2419 vim
753 2373 934 2421 doloris
956 2376 1129 2422 amisit.

555 2592 611 2639 (1)
629 2590 730 2628 Editi
750 2596 845 2629 vices
863 2607 991 2643 agens.
1017 2594 1090 2632 Sed
1111 2595 1247 2634 melior
1266 2604 1323 2633 est
1342 2609 1433 2634 mss,
1447 2595 1575 2634 lectio.
1596 2598 1761 2647 Agentes
1780 2594 1923 2648 quippe

502 2655 641 2708 saepius
660 2667 847 2695 memorat
866 2659 1074 2711 Gregorius
1087 2690 1098 2709 ,
1120 2675 1186 2700 eos
1205 2661 1348 2701 scilicet
1369 2661 1435 2713 qui
1455 2662 1509 2699 sic
1529 2670 1566 2700 et
1584 2661 1699 2699 hodie
1717 2661 1923 2713 appellan-

504 2730 580 2771 tur,
610 2722 787 2773 gerendis
812 2724 981 2763 ecclesiae
1005 2735 1071 2764 aut
1102 2727 1274 2766 virorum
1308 2727 1515 2767 illustrium
1544 2727 1706 2779 negotiis
1733 2727 1919 2779 deputati.

502 2790 586 2837 (R.)
603 2809 659 2820 —-
681 2791 784 2827 5334
797 2818 807 2838 ,
828 2804 945 2841 agens
970 2797 1085 2840 t'1'cCS,·
1106 2796 1209 2833 5359
1227 2803 1266 2833 et
1282 2795 1383 2833 Cott.
1403 2796 1558 2845 quidam
1577 2808 1702 2846 egem.
