2028 3458
472 275 523 311 66
690 273 755 310 DE
782 269 1073 308 VIRTUTIBUS
1101 266 1274 304 SANCTI
1305 265 1524 303 MARTINI.
1552 285 1598 291 >——
1624 265 1656 303 1.

1001 403 1158 439 CAPUT
1181 403 1338 438 XXVII.

947 499 998 534 De
1017 496 1233 534 charivaldo
1245 498 1256 519 ¹
1273 497 1397 534 debili.

530 599 622 648 Sed
644 608 692 646 et
712 593 1021 646 charivaldus
1043 592 1242 659 quidam
1265 611 1352 660 per
1372 595 1680 643 venationem
1709 594 1885 643 similes

463 679 711 726 incurrens
738 674 960 735 insidias,
995 673 1119 721 latus
1149 689 1326 734 unum,
1368 673 1616 722 debilitata
1648 691 1794 722 manu
1831 690 1886 722 ac

462 755 601 822 pede,
626 752 914 819 perdiderat.
942 751 1036 809 Qui
1054 750 1116 798 ad
1136 749 1400 814 gloriosum
1424 751 1658 816 templum
1683 751 1886 799 famulo-

462 850 569 880 rum
602 832 822 897 manibus
853 831 1158 897 deportatus,
1188 829 1380 894 jejuniis
1414 839 1462 877 et
1501 829 1799 877 orationibus
1835 846 1885 876 se

462 911 670 959 subdens
700 910 924 970 assiduis,
951 926 1037 975 per
1064 918 1221 956 totum
1256 907 1353 956 fere
1379 924 1578 968 annum,
1609 908 1742 972 quod
1774 924 1887 955 cum

460 990 665 1049 fecisset,
693 988 913 1035 omnium
938 985 1268 1035 membrorum
1301 987 1497 1033 sanitate
1521 996 1714 1052 recepta
1731 1023 1743 1047 ,
1770 1002 1885 1050 gau-

461 1068 579 1116 dens
602 1066 831 1114 remeavit
852 1064 913 1114 ad
936 1064 1151 1130 propria.
1174 1066 1232 1110 Et
1247 1063 1358 1111 ideo
1379 1080 1635 1112 monemus
1654 1073 1708 1110 ut
1726 1062 1885 1110 nullus

461 1146 738 1195 sollicitetur
762 1144 823 1192 ab
856 1143 1044 1202 ariolis,
1071 1143 1183 1208 quia
1214 1142 1335 1189 nihil
1369 1158 1586 1207 unquam
1614 1141 1885 1207 proderunt

460 1223 675 1271 infirmis.
708 1221 817 1269 Plus
847 1220 978 1268 enim
1006 1219 1131 1267 valet
1160 1211 1422 1285 parumper
1444 1219 1505 1266 de
1539 1219 1736 1285 pulvere
1761 1217 1888 1266 basi-

458 1300 574 1362 licae,
600 1315 745 1366 quam
768 1298 836 1346 illi
859 1315 972 1346 cum
995 1296 1356 1346 medicamentis
1377 1297 1591 1345 insaniae.

990 1453 1149 1490 CAPUT
1172 1452 1352 1489 XXVIII.

1000 1550 1052 1584 De
1068 1549 1153 1584 fune
1167 1548 1335 1583 abscisso.

529 1654 599 1699 De
619 1650 831 1717 pulvere,
851 1659 932 1698 aut
953 1665 1063 1696 cera
1085 1649 1177 1696 loci
1193 1647 1336 1709 illius,
1361 1647 1434 1696 vel
1458 1648 1697 1713 quidquid
1720 1666 1889 1715 rapere

465 1730 570 1794 quis
601 1730 759 1796 potuit
788 1728 849 1777 de
874 1727 1120 1793 sepulcro,
1155 1735 1343 1791 quantae
1364 1726 1564 1774 virtutes
1587 1736 1671 1774 aut
1700 1727 1891 1776 assidue

466 1807 598 1870 fiant,
618 1817 701 1856 aut
733 1806 866 1855 factae
892 1805 1004 1866 sint,
1032 1805 1140 1870 quis
1159 1821 1374 1869 unquam
1404 1803 1582 1869 poterit
1608 1804 1891 1869 investigare

466 1895 549 1933 aut
571 1885 720 1932 scire?
744 1887 907 1932 Unum
926 1893 1087 1931 tamen
1105 1882 1407 1930 manifestum
1431 1881 1733 1942 miraculum,
1756 1883 1890 1948 quod

467 1979 496 2012 a
514 1962 733 2011 fidelibus
749 1962 981 2029 comperi,
1002 1963 1165 2028 putavi
1182 1961 1362 2008 crimen
1385 1960 1560 2008 ducere
1580 1962 1741 2009 taceri.
1759 1963 1890 2012 Unus

468 2039 563 2088 fide
585 2041 754 2107 plenus
775 2041 968 2106 expetiit
989 2050 1041 2087 ut
1057 2038 1241 2104 aliquid
1262 2038 1474 2104 pignoris
1500 2038 1560 2086 de
1592 2040 1741 2087 sancti
1765 2038 1891 2088 basi-

468 2116 559 2167 lica
582 2119 804 2166 secretius
829 2118 1131 2183 deportaret'3
1162 2125 1210 2163 et
1244 2115 1407 2163 multis
1438 2126 1638 2164 conatus
1671 2117 1886 2179 vicibus,

471 2211 719 2259 nunquam
745 2195 922 2260 potuit,
951 2195 1070 2243 dum
1089 2193 1283 2260 'publice
1312 2210 1413 2240 non
1445 2197 1762 2260 praesumpsit.
1798 2198 1887 2243 Re-

471 2273 588 2320 verti
620 2282 780 2320 autem
816 2274 1031 2339 cupiens,
1058 2281 1200 2320 nocte
1234 2270 1298 2319 ad
1334 2271 1498 2319 funem
1532 2271 1667 2319 illum
1696 2272 1757 2320 de
1788 2289 1888 2337 quo

470 2349 657 2413 signum
692 2358 1026 2396 commovetur
1054 2347 1270 2406 advenit;
1304 2363 1361 2393 ex
1395 2362 1493 2411 quo
1532 2347 1645 2394 sune
1677 2347 1885 2396 decisam

470 2426 623 2474 cultro
663 2425 961 2492 particulam,
1003 2442 1168 2473 secum
1205 2423 1393 2471 detulit.
1439 2426 1788 2489 Regressusque
1826 2426 1886 2474 ad

472 2505 672 2553 domum
687 2541 700 2564 ,
735 2505 894 2552 multis
916 2504 1085 2553 exinde
1109 2502 1310 2550 infirmis
1338 2502 1587 2550 sanitatem
1611 2520 1885 2551 accommo-

470 2583 623 2645 davit,
648 2583 713 2630 ita
735 2592 785 2630 ut
808 2600 905 2631 non
930 2583 1133 2631 dubium
1156 2591 1278 2631 esset
1299 2591 1529 2646 aegrotum
1553 2583 1779 2644 evadere,
1804 2584 1885 2649 qui

524 2788 820 2834 ‹113-Gari0aldo,
842 2787 993 2835 Cl.-F.;
1019 2788 1283 2824 (hunwaldus
1296 2817 1306 2834 ,
1327 2787 1427 2823 Cott.
