2028 3458
464 288 540 326 236
666 286 732 323 DE
760 283 1051 322 VIRTUTIBUS
1079 283 1252 322 SANCTI
1279 282 1501 321 MARTINI.
1529 302 1578 311 —
1600 283 1649 322 11.

461 375 570 421 loco
598 371 885 420 conferrent.
913 374 1128 436 Cumque
1150 370 1224 419 his
1255 371 1355 419 haec
1386 387 1528 419 causa
1555 368 1871 418 commodum

462 450 721 508 exhiberet,
742 448 1030 496 addiderunt
1052 458 1104 495 ut
1130 448 1191 496 de
1213 448 1344 496 clave
1375 449 1541 510 ferrea,
1567 465 1671 512 quae
1697 446 1871 493 ostium

461 526 656 574 oratorii
678 525 967 586 recludebat,
992 525 1289 573 characteres
1320 525 1514 572 caballis
1546 526 1868 590 imponerent.

461 606 570 661 Quo
594 602 736 664 facto,
751 603 814 649 ita
835 603 984 650 virtus
1002 602 1150 649 sancti
1175 601 1433 666 praevaluit,
1450 612 1503 649 ut
1525 612 1572 650 et
1594 610 1874 649 sanarentur

461 680 544 743 qui
575 688 916 742 aegrotaverant
935 714 947 738 ,
974 688 1021 725 et
1043 678 1125 742 qui
1147 694 1247 724 non
1284 678 1581 726 incurrerant
1611 677 1730 724 nihil
1754 676 1874 723 ultra

460 755 739 820 perferrent.

988 885 1145 921 CAPUT
1169 885 1342 920 XXXIV.

891 976 944 1010 De
960 975 1018 1010 lue
1032 988 1111 1022 quae
1126 987 1209 1010 cum
1227 975 1350 1010 vesicis
1370 974 1448 1009 fuit.

525 1064 780 1129 Superiore
811 1080 1006 1129 quoque
1028 1080 1158 1111 anno
1192 1063 1465 1126 gravissime
1494 1062 1703 1128 populus
1731 1066 1876 1110 Turo-

462 1154 637 1188 norum
656 1156 684 1187 a
702 1140 781 1188 lue
806 1140 1151 1188 valetudinaria
1176 1139 1466 1188 vastabatur.
1495 1143 1603 1187 Erat
1624 1140 1752 1186 enim
1774 1140 1876 1187 talis

461 1217 680 1280 languor,
704 1227 755 1264 ut
777 1217 1100 1283 apprehensus
1128 1217 1279 1264 homo
1318 1233 1347 1264 a
1378 1216 1508 1264 febre
1536 1216 1710 1275 valida,
1750 1226 1877 1264 totus

461 1294 626 1341 vesicis
648 1311 703 1342 ac
729 1293 922 1342 minutis
956 1294 1156 1360 pustulis
1196 1304 1408 1342 scateret.
1437 1297 1577 1341 Erant
1618 1304 1776 1341 autem
1799 1311 1877 1342 ve-

461 1371 566 1419 sicae
582 1371 698 1419 albae
719 1389 828 1419 cum
851 1372 1041 1433 duritia,
1054 1371 1236 1419 nullam
1258 1370 1488 1419 habentes
1510 1371 1774 1427 mollitiem,
1787 1372 1876 1418 nisi

461 1456 646 1495 tantum
665 1448 883 1496 dolorem
901 1449 1104 1496 nimium
1122 1448 1389 1496 inferentes.
1417 1451 1521 1496 Jam
1540 1449 1579 1495 si
1600 1448 1710 1495 data
1726 1458 1876 1495 matu-

461 1524 598 1572 ritate
620 1526 903 1591 crepitantes
935 1527 1189 1592 coepissent
1225 1526 1452 1587 defluere,
1478 1535 1593 1572 tunc
1623 1524 1876 1572 adhaeren-

462 1601 589 1649 tibus
621 1603 815 1667 corpori
836 1604 1147 1663 vestimentiS‚
1180 1602 1321 1650 dolor
1348 1602 1552 1650 validius
1581 1602 1870 1667 augebatur:

460 1677 510 1724 in
534 1694 629 1742 qua
647 1679 924 1743 aegritudine
944 1680 1063 1727 nihil
1087 1669 1384 1727 medicorum
1398 1689 1585 1745 poterat
1600 1695 1675 1726 ars
1695 1678 1870 1740 valere,

461 1755 551 1802 nisi
582 1773 694 1804 cum
723 1757 1019 1805 dominicum
1054 1757 1279 1805 adfuisset
1313 1757 1558 1805 auxilium.
1586 1757 1722 1804 Multi
1746 1757 1875 1804 enim

460 1832 521 1881 de
543 1833 739 1883 basilica
758 1844 920 1883 sancta
936 1835 1322 1883 benedictionem
1344 1844 1579 1901 petentes,
1605 1851 1748 1901 opem
1771 1851 1876 1882 me-

460 1911 703 1960 rebantur.
720 1913 814 1961 Sed
830 1913 948 1978 quid
971 1914 1031 1961 de
1049 1914 1266 1979 plurimis
1286 1929 1553 1961 memorare
1573 1929 1765 1960 necesse
1783 1922 1871 1973 est,

462 2005 572 2035 cum
602 1990 650 2036 id
678 1991 940 2037 meruerint
973 1990 1307 2055 caeteri,'quod
1342 2006 1488 2038 unam
1521 1989 1727 2036 vidimus
1763 2005 1873 2036 me—

462 2064 650 2113 ruisse?
681 2069 810 2112 Uxor
837 2082 951 2130 ergo
986 2065 1184 2113 Eborini
1211 2066 1415 2126 comitis,
1455 2082 1566 2113 cum
1599 2065 1660 2112 ab
1683 2065 1772 2112 hac
1794 2065 1872 2111 lue

463 2141 770 2204 detineretur,
788 2143 850 2190 ita
863 2142 938 2190 his
958 2153 1125 2208 operta
1137 2144 1302 2191 vesicis
1320 2153 1407 2201 est,
1427 2153 1478 2189 ut
1501 2159 1657 2207 neque
1680 2159 1867 2203 manus,

464 2235 618 2283 neque
632 2219 821 2284 plantae,
836 2237 993 2284 neque
1017 2221 1111 2268 ulla
1135 2237 1244 2286 pars
1254 2221 1469 2285 corporis
1482 2221 1584 2284 ejus
1604 2230 1871 2268 remaneret

462 2313 628 2358 vacua,
651 2297 736 2344 sed
755 2307 802 2345 et
830 2298 919 2363 ipsi
945 2315 1138 2363 quoque
1162 2298 1287 2346 oculi
1311 2297 1372 2345 ab
1399 2298 1473 2345 his
1501 2297 1873 2345 continebantur

463 2373 658 2422 obtecti.
684 2377 899 2439 Cumque
918 2376 1017 2439 jam
1041 2376 1089 2422 in
1114 2375 1387 2422 discrimine
1410 2376 1576 2422 mortis
1593 2374 1867 2435 haberetur,

463 2451 612 2499 sancti
646 2451 848 2516 sepulcri
883 2452 1269 2499 benedictionem
1300 2452 1511 2516 expetiit.
1550 2455 1682 2499 Tunc
1714 2460 1870 2498 trans·

463 2528 657 2575 missum
674 2538 743 2576 est
763 2529 806 2576 ei
822 2528 882 2575 de
904 2545 1045 2593 aqua,
1062 2545 1158 2593 qua
1175 2528 1303 2576 beati
1321 2530 1530 2576 tumulus
1543 2539 1612 2575 est
1632 2529 1679 2574 in
1694 2527 1869 2593 pascha

462 2606 658 2653 Domini
688 2605 891 2653 ablutus.
918 2608 1138 2670 Denique
1161 2606 1383 2654 delibutis
1408 2624 1463 2654 ex
1493 2616 1549 2654 ea
1574 2605 1865 2661 vulneribus,

462 2683 564 2749 ipsa
605 2683 774 2731 exinde
812 2694 981 2749 potum
1022 2685 1220 2750 sumpsit
1256 2701 1266 2730 ε
1317 2701 1427 2732 mox
1463 2685 1604 2748 igitur
1649 2685 1869 2731 restincta

465 2757 612 2821 febre,
633 2762 734 2809 sine
750 2761 919 2809 dolore
937 2760 1298 2810 decurrentibus
1321 2763 1503 2822 vesicis,
1529 2771 1692 2810 sanata
1713 2771 1799 2809 est.
