2028 3458
446 254 521 290 374
849 251 916 287 DE
944 250 1134 286 GLORIA
1162 249 1513 287 CONFESSORUM
1523 277 1532 285 .

438 357 588 388 caecus
610 357 665 387 ac
684 338 851 386 debilis
875 348 944 385 est
962 337 1176 394 effectus3
1203 339 1469 403 mansitque
1488 339 1534 384 in
1554 337 1650 384 hoc
1672 336 1854 402 suppli-

437 418 512 465 cio
535 419 770 481 integrum
795 416 891 463 fere
912 432 1109 463 annum.
1137 415 1320 462 Dehinc
1342 416 1560 481 apparuit
1589 417 1631 462 ei
1657 415 1853 480 quidam

435 495 657 543 sacerdos
681 512 764 559 per
786 495 959 555 visum,
984 493 1148 541 dicens
1169 511 1179 539 :
1210 514 1232 537 α
1259 493 1406 554 Quid,
1435 479 1605 558 inquit,
1632 492 1716 539 tibi
1742 493 1853 539 tuis-

434 590 526 637 que
558 573 655 619 vim
692 572 846 631 intuli,
873 588 903 618 o
936 572 1025 630 vir,
1062 571 1174 635 quia
1209 569 1426 618 detexisti
1461 588 1556 629 me,
1591 570 1853 618 auferendo

433 651 729 716 opertorium
747 650 917 698 tumuli
936 648 1065 696 mei?
1090 648 1222 695 Vade
1242 665 1389 708 nuuc,
1412 649 1452 695 si
1473 649 1543 695 vis
1564 666 1707 696 sanus
1730 648 1849 707 fieri,

424 728 540 792 jube
559 730 715 793 ipsum
741 727 964 775 velociter
987 725 1231 785 revocari3
1259 725 1393 790 quod
1416 726 1454 772 si
1478 702 1716 784 nolueris?
1730 742 1853 790 pro—

428 806 555 854 tinus
576 805 807 853 morieris.
837 807 935 868 Ego
953 804 1083 851 enim
1101 820 1207 850 sum
1231 803 1465 866 Benignus
1481 803 1751 868 episcopus,
1771 803 1854 867 qui

427 883 475 930 in
507 883 633 930 hanc
667 882 838 930 urbem
862 881 1139 947 peregrinus
1168 880 1358 928 adveni.
1397 901 1419 924 »
1457 883 1513 926 At
1541 879 1618 926 ille
1652 880 1749 926 suis
1780 880 1852 926 in-

424 977 595 1022 nuens,
616 961 810 1008 accessit
827 959 888 1007 ad
907 969 1279 1007 monumentum
1303 957 1386 1004 filii
1406 958 1498 1017 sui,
1519 957 1851 1021 elevatumque

423 1038 631 1104 lapidem
657 1038 869 1103 plaustro
899 1037 1150 1102 imposuit,
1185 1045 1575 1100 reportatumque
1611 1045 1665 1082 ut
1696 1052 1857 1083 sarco-

425 1116 582 1181 phago
608 1115 842 1174 reddidit,
881 1115 1005 1162 illico
1032 1131 1176 1162 sanus
1204 1114 1405 1161 effectus
1431 1124 1517 1161 est.
1546 1117 1665 1162 Nam
1698 1114 1746 1160 in
1777 1130 1851 1161 re-

425 1193 623 1242 deundo
649 1194 714 1241 ita
734 1193 854 1258 lapis
876 1193 991 1239 levis
1015 1202 1131 1250 erat,
1163 1202 1216 1239 ut
1243 1209 1389 1256 quem
1421 1192 1509 1238 tria
1537 1193 1671 1257 paria
1702 1191 1850 1238 boum

427 1280 695 1331 evexerant,
722 1270 872 1318 boves
890 1270 1114 1335 deinceps
1132 1269 1230 1315 duo
1253 1278 1553 1316 revocarent.

977 1435 1134 1469 CAPUT
1159 1434 1299 1470 XVIII.

848 1552 899 1585 De
918 1550 1069 1586 duarum
1086 1552 1262 1599 virginum
1277 1552 1436 1588 tumulis.

501 1670 624 1717 {nfra
643 1670 800 1734 ipsum
824 1671 967 1718 etiam
987 1672 1246 1718 terminum
1269 1671 1560 1718 Turonicum
1584 1680 1686 1718 erat
1716 1687 1854 1717 mons

433 1747 675 1812 parvulus,
699 1746 931 1806 sentibus,
960 1747 1110 1807 rubis,
1137 1747 1406 1812 vitibusque
1435 1747 1639 1812 repletus
1661 1749 1854 1812 agresti-

436 1826 551 1884 bus,
590 1835 637 1872 et
673 1835 804 1873 tanta
839 1825 1071 1873 densitate
1104 1826 1333 1874 labruscae
1370 1836 1648 1886 contextus,
1687 1836 1740 1873 ut
1778 1827 1855 1873 vix

435 1902 604 1966 aliquis
643 1903 771 1950 intro
808 1913 968 1968 posset
1008 1904 1289 1968 irrumpere.
1328 1903 1526 1951 Ferehat
1565 1904 1693 1950 enim
1731 1903 1857 1951 fama

438 1981 556 2028 duas
578 1984 681 2028 Deo
704 1990 908 2028 sacratas
929 1981 1134 2043 virgines
1153 1982 1201 2028 in
1227 1981 1308 2029 illo
1332 1983 1442 2029 loco
1466 1982 1726 2046 quiescere.
1755 1983 1855 2028 Sci-

438 2056 545 2103 licet
561 2073 672 2103 cum
697 2057 745 2102 in
768 2056 934 2118 vigiliis
957 2055 1144 2104 dierum
1167 2058 1395 2105 festorum
1413 2057 1575 2104 lumen
1600 2074 1854 2106 accensum

438 2134 664 2181 divinitus
681 2149 709 2181 a
732 2132 953 2186 fidelibus
972 2135 1140 2199 saepius
1157 2145 1445 2196 cerneretur,
1465 2151 1589 2182 unus
1607 2135 1851 2197 audacior,

438 2222 484 2260 et
521 2212 667 2259 animi
701 2211 848 2258 fretus
882 2214 1187 2272 auctoritate,
1218 2213 1279 2261 ad
1314 2213 1474 2260 locum
1508 2212 1734 2260 accedere
1765 2213 1855 2261 sub

439 2289 643 2337 obscura
667 2299 808 2336 nocte
834 2306 934 2336 non
957 2291 1152 2351 metuit3
1179 2300 1321 2356 atque
1343 2308 1536 2338 cereum
1557 2292 1664 2338 miri
1681 2291 1857 2339 cando-

441 2367 502 2414 ris
527 2368 764 2414 immenso
793 2367 975 2415 lumine
1010 2368 1325 2433 fulgurantem
1365 2369 1621 2433 aspiciens,
1655 2368 1856 2416 admira-

441 2458 610 2511 tusque
640 2445 741 2506 diu,
777 2445 1004 2508 discessit,
1030 2447 1227 2512 aliisque
1254 2464 1358 2511 quae
1390 2447 1570 2495 viderat
1600 2447 1851 2494 nuntiavit.

440 2526 571 2570 Tunc
589 2524 671 2570 uni
693 2523 754 2570 de
774 2523 942 2571 incolis
967 2525 1058 2572 loci
1092 2542 1142 2572 se
1169 2526 1372 2589 virgines
1396 2542 1484 2590 per
1505 2526 1660 2572 visum
1694 2534 1854 2572 osten-

438 2600 582 2657 dunt;
608 2610 855 2666 exponunt
876 2618 926 2648 se
949 2601 1123 2650 ibidem
1147 2620 1246 2650 esse
1269 2603 1497 2668 sepultas,
1526 2619 1582 2650 ac
1603 2603 1704 2649 sine
1726 2612 1852 2650 tecto

440 2678 665 2726 imbrium
695 2679 917 2742 injuriam
946 2680 1123 2728 diutius
1157 2681 1277 2728 ferre
1309 2698 1406 2728 non
1433 2698 1601 2746 posse3
1639 2680 1716 2728 hic
1737 2697 1853 2727 vero

436 2756 474 2802 si
496 2755 583 2803 sibi
607 2756 745 2803 vellet
762 2772 863 2804 esse
886 2758 1176 2818 consultum,
1199 2759 1357 2805 incisis
1374 2757 1612 2822 vepribu5‚
1632 2767 1850 2822 tegumen
