2028 3458
449 286 525 324 2¹0
653 286 717 322 DE
744 282 1036 321 VIRTUTIBUS
1064 282 1235 320 SANCTI
1265 283 1486 320 MARTINI.
1508 303 1559 311 ——
1580 284 1652 319 111.

1024 415 1181 450 CAPUT
1201 415 1287 450 XII.

857 500 909 533 De
926 510 1036 545 puero
1050 510 1070 533 a
1089 497 1288 533 valetudine
1305 507 1440 533 sanato.

514 602 638 645 Puer
655 596 895 643 familiaris
914 604 1075 642 noster
1085 591 1333 659 correptus
1351 611 1379 642 a
1399 595 1529 642 febre
1544 595 1749 658 graviter
1763 611 1867 641 ure-

446 674 604 722 batur.
635 673 877 721 Ardebant
898 673 1027 719 enim
1061 672 1350 718 extrinsecus
1382 672 1616 731 membra,
1645 672 1865 718 intrinse-

448 769 532 799 cus
554 768 669 798 vero
693 751 792 798 sitis
818 750 976 797 valida
1000 759 1130 808 erat3
1172 759 1217 795 et
1248 749 1286 794 si
1311 759 1479 812 potum
1516 749 1721 812 aliquem
1749 749 1866 794 reci-

447 828 626 894 piebat,
655 844 768 874 mox
802 826 1044 890 rejiciebat
1073 843 1100 872 a
1137 824 1405 883 stomacho,
1438 825 1556 870 nihil
1593 835 1752 871 tamen
1790 840 1867 870 ca-

445 907 580 970 piens
602 904 713 952 cibi.
745 907 961 968 Cumque
996 904 1046 949 in
1078 903 1171 949 boc
1200 901 1366 949 labore
1391 912 1560 965 quarto
1594 912 1675 948 aut
1698 903 1867 964 quinto

447 983 524 1030 die
575 982 876 1044 fatigaretur,
936 981 1071 1045 petiit
1110 990 1162 1026 ut
1207 980 1249 1025 ei
1291 996 1549 1044 parumper
1590 979 1870 1026 exhiberent

448 1059 659 1125 pulveris
690 1059 750 1105 de
771 1058 992 1123 sepulcro
1017 1057 1077 1104 ad
1096 1057 1379 1104 bibendum.
1408 1060 1518 1114 Quo
1544 1057 1774 1117 exhibito,
1804 1058 1866 1103 vi-

448 1153 612 1200 noque
634 1135 803 1196 diluto,
819 1145 871 1183 ut
890 1135 1047 1183 hausit
1076 1133 1293 1195 fideliter,
1316 1144 1507 1198 recepta
1530 1134 1729 1182 sanitate
1755 1149 1869 1180 con-

453 1214 616 1262 valuit.

1017 1346 1171 1382 CAPUT
1196 1347 1290 1381 XIII
1298 1375 1305 1383 .

877 1430 929 1463 De
947 1428 1150 1464 Theodanae
1169 1430 1179 1449 ¹
1205 1428 1295 1476 pede
1313 1438 1449 1466 sanam.

517 1526 711 1574 Theoda
725 1542 859 1584 vero,
873 1524 1192 1572 Wiliacharii'
1211 1524 1457 1589 quondam
1472 1524 1612 1588 presb
1620 1525 1740 1587 yteri
1757 1524 1870 1583 filia,

454 1604 572 1651 dum
605 1603 665 1650 ab
690 1604 895 1650 humore
920 1602 1099 1667 pedum
1124 1602 1419 1666 frequentius
1446 1602 1699 1662 laboraret,
1737 1604 1875 1649 unius

456 1683 589 1749 pedis
613 1700 770 1743 usum,
794 1683 878 1747 qui
898 1684 945 1728 in
964 1681 1256 1729 debilitatem
1280 1682 1499 1729 redactus
1523 1681 1692 1737 fuerat,
1716 1681 1876 1746 perdi-

457 1760 542 1807 dit.
575 1763 687 1807 Post
711 1759 812 1806 haec
841 1758 902 1806 ad
939 1757 1131 1805 beatam
1159 1757 1354 1805 advenit
1394 1758 1663 1816 basilicam,
1698 1758 1747 1804 iu
1780 1774 1877 1822 qua

459 1837 578 1884 dum
602 1836 793 1885 crebras
809 1835 1075 1903 esfuuderet
1092 1852 1274 1900 preces,
1291 1845 1453 1883 amota
1466 1834 1728 1894 debilitate,
1742 1836 1876 1882 inco-

462 1914 667 1962 lumitati
693 1914 924 1962 donatur.

1024 2039 1181 2073 CAPUT
1206 2038 1305 2073 XIV.

962 2122 1015 2155 De
1031 2120 1179 2155 homine
1198 2120 1380 2154 inclinato.

531 2219 642 2263 Erat
669 2226 782 2263 tunc
805 2216 1034 2280 temporis
1056 2215 1105 2261 in
1130 2214 1256 2275 villa,
1278 2231 1382 2278 quae
1407 2215 1494 2262 sub
1518 2216 1719 2263 tuitione
1740 2232 1877 2263 sauc-

465 2304 522 2340 1ae
553 2294 714 2340 matris
748 2293 977 2339 ecclesiae³
1018 2292 1302 2351 habebatur,
1337 2291 1486 2339 homo
1519 2292 1735 2356 quidam,
1776 2294 1874 2357 qui,

522 2436 576 2487 (1)
598 2437 694 2474 3801
723 2437 891 2481 Theode5
915 2436 1138 2483 Tlteodcmis·‚
1162 2436 1279 2473 5329.

518 2503 574 2550 (Ξ)
593 2503 687 2551 Sup.
716 2503 793 2539 243
814 2502 1015 2539 Vuilc'cari.

518 2567 573 2613 (3)
596 2565 658 2604 Sic
682 2565 770 2604 cod.
801 2567 887 2604 Gat.
910 2565 1009 2603 Editi
1034 2578 1112 2602 non
1138 2564 1281 2603 habent
1309 2576 1457 2603 sanctae.
1483 2566 1598 2614 Bell„
1620 2566 1742 2604 Laud.
1767 2566 1876 2604 Colb.

467 2631 670 2681 duo,Cla1·.
690 2633 811 2679 (2204
829 2640 867 2669 et
887 2634 1021 2679 5334),
1037 2641 1170 2669 sancta:
1188 2635 1406 2670 matriculae.
1420 2635 1543 2670 Mater
1561 2631 1719 2669 ecclesia
1741 2632 1879 2683 appel-

467 2697 570 2735 latur
595 2685 755 2735 ecclesia
779 2696 1021 2745 cathedralis,
1048 2710 1164 2747 quam
1195 2697 1256 2735 hic
1281 2697 1406 2748 potius
1435 2697 1625 2750 designari
1648 2707 1740 2749 puto
1763 2711 1879 2748 quam

470 2761 724 2802 matriculam.
746 2763 827 2809 (R.)
