<?xml version="1.0" encoding="UTF-8"?>
<!DOCTYPE html PUBLIC "-//W3C//DTD XHTML 1.0 Transitional//EN"
    "http://www.w3.org/TR/xhtml1/DTD/xhtml1-transitional.dtd">
<html xmlns="http://www.w3.org/1999/xhtml" xml:lang="en" lang="en">
 <head>
  <title>
</title>
<meta http-equiv="Content-Type" content="text/html;charset=utf-8" />
  <meta name='ocr-system' content='tesseract 3.04.00' />
  <meta name='ocr-capabilities' content='ocr_page ocr_carea ocr_par ocr_line ocrx_word'/>
</head>
<body>
  <div class='ocr_page' id='page_1' title='image "./leslivresdesmira02greguoft_0156.png"; bbox 0 0 2028 3458; ppageno 0'>
   <div class='ocr_carea' id='block_1_1' title="bbox 444 325 1640 366">
    <p class='ocr_par' dir='ltr' id='par_1_1' title="bbox 444 325 1640 366">
     <span class='ocr_line' id='line_1_1' title="bbox 444 325 1640 366; baseline -0.002 -1"><span class='ocrx_word' id='word_1_1' title='bbox 444 328 522 366; x_wconf 72' lang='lat'><strong>¹40</strong></span> <span class='ocrx_word' id='word_1_2' title='bbox 649 327 716 363; x_wconf 88' lang='lat' dir='ltr'><strong>DE</strong></span> <span class='ocrx_word' id='word_1_3' title='bbox 744 325 1038 363; x_wconf 87' lang='lat' dir='ltr'>VIRTUTIBUS</span> <span class='ocrx_word' id='word_1_4' title='bbox 1067 325 1239 363; x_wconf 83' lang='lat' dir='ltr'><strong>SANCTI</strong></span> <span class='ocrx_word' id='word_1_5' title='bbox 1268 325 1491 363; x_wconf 83' lang='lat' dir='ltr'>MARTINI.</span> <span class='ocrx_word' id='word_1_6' title='bbox 1520 346 1570 353; x_wconf 98' lang='lat'><strong>—</strong></span> <span class='ocrx_word' id='word_1_7' title='bbox 1593 326 1640 364; x_wconf 85' lang='lat'><strong>11.</strong></span> 
     </span>
    </p>
   </div>
   <div class='ocr_carea' id='block_1_2' title="bbox 443 413 1868 1096">
    <p class='ocr_par' dir='ltr' id='par_1_2' title="bbox 443 413 1868 1096">
     <span class='ocr_line' id='line_1_2' title="bbox 445 413 1863 464; baseline -0.001 0"><span class='ocrx_word' id='word_1_8' title='bbox 445 426 636 464; x_wconf 82' lang='lat' dir='ltr'><strong>uantur.</strong></span> <span class='ocrx_word' id='word_1_9' title='bbox 655 418 777 462; x_wconf 88' lang='lat' dir='ltr'><strong>Cum</strong></span> <span class='ocrx_word' id='word_1_10' title='bbox 799 425 958 462; x_wconf 90' lang='lat' dir='ltr'><strong>autem</strong></span> <span class='ocrx_word' id='word_1_11' title='bbox 979 414 1184 462; x_wconf 87' lang='lat' dir='ltr'><strong>venisset</strong></span> <span class='ocrx_word' id='word_1_12' title='bbox 1207 413 1474 462; x_wconf 90' lang='lat' dir='ltr'><strong>antedictus</strong></span> <span class='ocrx_word' id='word_1_13' title='bbox 1491 414 1552 461; x_wconf 89' lang='lat' dir='ltr'><strong>ad</strong></span> <span class='ocrx_word' id='word_1_14' title='bbox 1570 414 1721 461; x_wconf 88' lang='lat' dir='ltr'><strong>sancti</strong></span> <span class='ocrx_word' id='word_1_15' title='bbox 1738 413 1863 462; x_wconf 87' lang='lat' dir='ltr'><strong>basi-</strong></span> 
     </span>
     <span class='ocr_line' id='line_1_3' title="bbox 443 491 1866 555; baseline -0.001 -15"><span class='ocrx_word' id='word_1_16' title='bbox 443 493 583 540; x_wconf 88' lang='lat' dir='ltr'><strong>licam</strong></span> <span class='ocrx_word' id='word_1_17' title='bbox 626 493 676 538; x_wconf 93' lang='lat' dir='ltr'><strong>in</strong></span> <span class='ocrx_word' id='word_1_18' title='bbox 717 508 772 538; x_wconf 90' lang='lat' dir='ltr'><strong>ea</strong></span> <span class='ocrx_word' id='word_1_19' title='bbox 815 500 957 537; x_wconf 90' lang='lat' dir='ltr'><strong>nocte</strong></span> <span class='ocrx_word' id='word_1_20' title='bbox 1001 491 1049 536; x_wconf 91' lang='lat' dir='ltr'><strong>in</strong></span> <span class='ocrx_word' id='word_1_21' title='bbox 1097 507 1193 555; x_wconf 89' lang='lat' dir='ltr'><strong>qua</strong></span> <span class='ocrx_word' id='word_1_22' title='bbox 1250 491 1475 538; x_wconf 90' lang='lat' dir='ltr'><strong>dominus</strong></span> <span class='ocrx_word' id='word_1_23' title='bbox 1527 501 1690 538; x_wconf 88' lang='lat' dir='ltr'><strong>noster</strong></span> <span class='ocrx_word' id='word_1_24' title='bbox 1733 494 1866 538; x_wconf 87' lang='lat' dir='ltr'><strong>Jesus</strong></span> 
     </span>
     <span class='ocr_line' id='line_1_4' title="bbox 444 568 1864 634; baseline -0.001 -18"><span class='ocrx_word' id='word_1_25' title='bbox 444 569 659 617; x_wconf 84' lang='lat' dir='ltr'><strong>Christus</strong></span> <span class='ocrx_word' id='word_1_26' title='bbox 683 569 862 615; x_wconf 87' lang='lat' dir='ltr'><strong>fluenta</strong></span> <span class='ocrx_word' id='word_1_27' title='bbox 878 568 1074 616; x_wconf 85' lang='lat' dir='ltr'><strong>laticum</strong></span> <span class='ocrx_word' id='word_1_28' title='bbox 1092 568 1321 615; x_wconf 83' lang='lat' dir='ltr'>hauriens</span> <span class='ocrx_word' id='word_1_29' title='bbox 1336 568 1534 616; x_wconf 88' lang='lat' dir='ltr'><strong>Falerna</strong></span> <span class='ocrx_word' id='word_1_30' title='bbox 1554 568 1783 634; x_wconf 78' lang='lat' dir='ltr'><strong>porrexit,</strong></span> <span class='ocrx_word' id='word_1_31' title='bbox 1802 568 1864 615; x_wconf 90' lang='lat' dir='ltr'><strong>ad</strong></span> 
     </span>
     <span class='ocr_line' id='line_1_5' title="bbox 444 645 1867 711; baseline -0.001 -18"><span class='ocrx_word' id='word_1_32' title='bbox 444 647 569 694; x_wconf 86' lang='lat' dir='ltr'><strong>beati</strong></span> <span class='ocrx_word' id='word_1_33' title='bbox 592 645 737 711; x_wconf 90' lang='lat' dir='ltr'><strong>pedes</strong></span> <span class='ocrx_word' id='word_1_34' title='bbox 765 645 957 710; x_wconf 84' lang='lat' dir='ltr'><strong>vigilare</strong></span> <span class='ocrx_word' id='word_1_35' title='bbox 987 645 1238 710; x_wconf 80' lang='lat' dir='ltr'><strong>disposuit.</strong></span> <span class='ocrx_word' id='word_1_36' title='bbox 1273 648 1527 693; x_wconf 89' lang='lat' dir='ltr'><strong>Transacto</strong></span> <span class='ocrx_word' id='word_1_37' title='bbox 1553 655 1711 693; x_wconf 87' lang='lat' dir='ltr'><strong>autem</strong></span> <span class='ocrx_word' id='word_1_38' title='bbox 1747 655 1867 693; x_wconf 92' lang='lat' dir='ltr'><strong>tem-</strong></span> 
     </span>
     <span class='ocr_line' id='line_1_6' title="bbox 443 722 1863 789; baseline -0.001 -19"><span class='ocrx_word' id='word_1_39' title='bbox 443 740 560 789; x_wconf 87' lang='lat' dir='ltr'>pore</span> <span class='ocrx_word' id='word_1_40' title='bbox 586 723 752 771; x_wconf 85' lang='lat' dir='ltr'><strong>mediae</strong></span> <span class='ocrx_word' id='word_1_41' title='bbox 774 723 948 781; x_wconf 88' lang='lat' dir='ltr'><strong>noctis,</strong></span> <span class='ocrx_word' id='word_1_42' title='bbox 975 722 1287 769; x_wconf 86' lang='lat' dir='ltr'><strong>obdormivit.</strong></span> <span class='ocrx_word' id='word_1_43' title='bbox 1319 723 1542 779; x_wconf 88' lang='lat' dir='ltr'><strong>Quicum</strong></span> <span class='ocrx_word' id='word_1_44' title='bbox 1565 723 1727 769; x_wconf 88' lang='lat' dir='ltr'><strong>nescio</strong></span> <span class='ocrx_word' id='word_1_45' title='bbox 1751 722 1863 786; x_wconf 90' lang='lat' dir='ltr'><strong>quid</strong></span> 
     </span>
     <span class='ocr_line' id='line_1_7' title="bbox 443 799 1864 865; baseline -0.001 -17"><span class='ocrx_word' id='word_1_46' title='bbox 443 818 529 865; x_wconf 89' lang='lat' dir='ltr'><strong>per</strong></span> <span class='ocrx_word' id='word_1_47' title='bbox 564 801 719 848; x_wconf 86' lang='lat' dir='ltr'><strong>visum</strong></span> <span class='ocrx_word' id='word_1_48' title='bbox 750 799 949 865; x_wconf 84' lang='lat' dir='ltr'><strong>periculi</strong></span> <span class='ocrx_word' id='word_1_49' title='bbox 981 809 1223 857; x_wconf 85' lang='lat' dir='ltr'><strong>cerneret,</strong></span> <span class='ocrx_word' id='word_1_50' title='bbox 1255 816 1435 864; x_wconf 88' lang='lat' dir='ltr'><strong>pavore</strong></span> <span class='ocrx_word' id='word_1_51' title='bbox 1465 801 1775 861; x_wconf 80' lang='lat' dir='ltr'><strong>conterritus,</strong></span> <span class='ocrx_word' id='word_1_52' title='bbox 1815 801 1864 847; x_wconf 92' lang='lat' dir='ltr'><strong>in</strong></span> 
     </span>
     <span class='ocr_line' id='line_1_8' title="bbox 443 875 1867 940; baseline 0.002 -18"><span class='ocrx_word' id='word_1_53' title='bbox 443 876 568 923; x_wconf 90' lang='lat' dir='ltr'><strong>hanc</strong></span> <span class='ocrx_word' id='word_1_54' title='bbox 592 892 760 923; x_wconf 85' lang='lat' dir='ltr'><strong>vocem</strong></span> <span class='ocrx_word' id='word_1_55' title='bbox 780 877 992 940; x_wconf 88' lang='lat' dir='ltr'><strong>primum</strong></span> <span class='ocrx_word' id='word_1_56' title='bbox 1012 875 1285 923; x_wconf 88' lang='lat' dir='ltr'><strong>obseratum</strong></span> <span class='ocrx_word' id='word_1_57' title='bbox 1304 876 1489 940; x_wconf 91' lang='lat' dir='ltr'><strong>aperuit</strong></span> <span class='ocrx_word' id='word_1_58' title='bbox 1513 893 1566 922; x_wconf 94' lang='lat' dir='ltr'><strong>os</strong></span> <span class='ocrx_word' id='word_1_59' title='bbox 1588 894 1598 921; x_wconf 80' lang='grc' dir='ltr'><strong><em>ε</em></strong></span> <span class='ocrx_word' id='word_1_60' title='bbox 1629 895 1652 920; x_wconf 88' lang='lat'><strong><em>«</em></strong></span> <span class='ocrx_word' id='word_1_61' title='bbox 1676 879 1867 925; x_wconf 91' lang='lat' dir='ltr'><strong>Domne</strong></span> 
     </span>
     <span class='ocr_line' id='line_1_9' title="bbox 443 952 1868 1017; baseline 0.001 -17"><span class='ocrx_word' id='word_1_62' title='bbox 443 954 658 1015; x_wconf 89' lang='lat' dir='ltr'><strong>Martine,</strong></span> <span class='ocrx_word' id='word_1_63' title='bbox 684 954 833 1001; x_wconf 89' lang='lat' dir='ltr'><strong>libera</strong></span> <span class='ocrx_word' id='word_1_64' title='bbox 858 970 952 1001; x_wconf 92' lang='lat' dir='ltr'><strong>me.</strong></span> <span class='ocrx_word' id='word_1_65' title='bbox 977 973 1000 998; x_wconf 93' lang='lat'>»</span> <span class='ocrx_word' id='word_1_66' title='bbox 1028 956 1085 999; x_wconf 88' lang='lat' dir='ltr'><strong>Et</strong></span> <span class='ocrx_word' id='word_1_67' title='bbox 1103 954 1169 1000; x_wconf 92' lang='lat' dir='ltr'><strong>sic</strong></span> <span class='ocrx_word' id='word_1_68' title='bbox 1190 970 1447 1017; x_wconf 91' lang='lat' dir='ltr'><strong>erumpens</strong></span> <span class='ocrx_word' id='word_1_69' title='bbox 1464 952 1524 1000; x_wconf 88' lang='lat' dir='ltr'><strong>ab</strong></span> <span class='ocrx_word' id='word_1_70' title='bbox 1550 970 1633 1000; x_wconf 88' lang='lat' dir='ltr'><strong>ore</strong></span> <span class='ocrx_word' id='word_1_71' title='bbox 1657 961 1704 1000; x_wconf 85' lang='lat' dir='ltr'><strong>et</strong></span> <span class='ocrx_word' id='word_1_72' title='bbox 1719 953 1868 1001; x_wconf 88' lang='lat' dir='ltr'><strong>fauci-</strong></span> 
     </span>
     <span class='ocr_line' id='line_1_10' title="bbox 443 1031 1864 1096; baseline 0.001 -18"><span class='ocrx_word' id='word_1_73' title='bbox 443 1031 534 1078; x_wconf 90' lang='lat' dir='ltr'><strong>bus</strong></span> <span class='ocrx_word' id='word_1_74' title='bbox 553 1031 654 1095; x_wconf 90' lang='lat' dir='ltr'><strong>ejus</strong></span> <span class='ocrx_word' id='word_1_75' title='bbox 670 1033 878 1095; x_wconf 86' lang='lat' dir='ltr'><strong>sanguis,</strong></span> <span class='ocrx_word' id='word_1_76' title='bbox 896 1032 1114 1079; x_wconf 90' lang='lat' dir='ltr'><strong>auditum</strong></span> <span class='ocrx_word' id='word_1_77' title='bbox 1136 1032 1313 1096; x_wconf 88' lang='lat' dir='ltr'><strong>pariter</strong></span> <span class='ocrx_word' id='word_1_78' title='bbox 1332 1042 1378 1078; x_wconf 94' lang='lat' dir='ltr'><strong>et</strong></span> <span class='ocrx_word' id='word_1_79' title='bbox 1400 1031 1649 1095; x_wconf 91' lang='lat' dir='ltr'><strong>eloquium</strong></span> <span class='ocrx_word' id='word_1_80' title='bbox 1671 1032 1864 1096; x_wconf 87' lang='lat' dir='ltr'><strong>recepit.</strong></span> 
     </span>
    </p>
   </div>
   <div class='ocr_carea' id='block_1_3' title="bbox 983 1167 1326 1204">
    <p class='ocr_par' dir='ltr' id='par_1_3' title="bbox 983 1167 1326 1204">
     <span class='ocr_line' id='line_1_11' title="bbox 983 1167 1326 1204; baseline 0.006 -2"><span class='ocrx_word' id='word_1_81' title='bbox 983 1168 1140 1203; x_wconf 87' lang='lat' dir='ltr'><strong>CAPUT</strong></span> <span class='ocrx_word' id='word_1_82' title='bbox 1167 1167 1326 1204; x_wconf 89' lang='lat' dir='ltr'><strong>XXVII.</strong></span> 
     </span>
    </p>
   </div>
   <div class='ocr_carea' id='block_1_4' title="bbox 932 1250 1367 1298">
    <p class='ocr_par' dir='ltr' id='par_1_4' title="bbox 932 1250 1367 1298">
     <span class='ocr_line' id='line_1_12' title="bbox 932 1250 1367 1298; baseline 0 -13"><span class='ocrx_word' id='word_1_83' title='bbox 932 1252 985 1286; x_wconf 88' lang='lat' dir='ltr'><strong>De</strong></span> <span class='ocrx_word' id='word_1_84' title='bbox 1002 1251 1149 1285; x_wconf 88' lang='lat' dir='ltr'><strong>muliere</strong></span> <span class='ocrx_word' id='word_1_85' title='bbox 1162 1250 1367 1298; x_wconf 84' lang='lat' dir='ltr'><strong>paralytica.</strong></span> 
     </span>
    </p>
   </div>
   <div class='ocr_carea' id='block_1_5' title="bbox 443 1345 1873 2580">
    <p class='ocr_par' dir='ltr' id='par_1_5' title="bbox 443 1345 1873 2580">
     <span class='ocr_line' id='line_1_13' title="bbox 510 1345 1870 1412; baseline -0.003 -16"><span class='ocrx_word' id='word_1_86' title='bbox 510 1353 629 1397; x_wconf 89' lang='lat' dir='ltr'><strong>Cum</strong></span> <span class='ocrx_word' id='word_1_87' title='bbox 654 1365 767 1396; x_wconf 89' lang='lat' dir='ltr'><strong>vero</strong></span> <span class='ocrx_word' id='word_1_88' title='bbox 790 1349 1080 1412; x_wconf 88' lang='lat' dir='ltr'><strong>interempto</strong></span> <span class='ocrx_word' id='word_1_89' title='bbox 1106 1346 1398 1411; x_wconf 85' lang='lat' dir='ltr'><strong>Sigibertho¹</strong></span> <span class='ocrx_word' id='word_1_90' title='bbox 1423 1363 1549 1410; x_wconf 87' lang='lat' dir='ltr'><strong>rege,</strong></span> <span class='ocrx_word' id='word_1_91' title='bbox 1576 1345 1870 1411; x_wconf 85' lang='lat' dir='ltr'><strong>Chilpericus</strong></span> 
     </span>
     <span class='ocr_line' id='line_1_14' title="bbox 446 1425 1871 1492; baseline -0.003 -17"><span class='ocrx_word' id='word_1_92' title='bbox 446 1444 666 1492; x_wconf 85' lang='lat' dir='ltr'><strong>regnum,</strong></span> <span class='ocrx_word' id='word_1_93' title='bbox 688 1436 936 1491; x_wconf 85' lang='lat' dir='ltr'><strong>exemptus</strong></span> <span class='ocrx_word' id='word_1_94' title='bbox 954 1425 1014 1472; x_wconf 92' lang='lat' dir='ltr'><strong>ab</strong></span> <span class='ocrx_word' id='word_1_95' title='bbox 1031 1426 1302 1472; x_wconf 90' lang='lat' dir='ltr'><strong>imminenti</strong></span> <span class='ocrx_word' id='word_1_96' title='bbox 1315 1434 1488 1483; x_wconf 89' lang='lat' dir='ltr'><strong>morte,</strong></span> <span class='ocrx_word' id='word_1_97' title='bbox 1510 1425 1727 1489; x_wconf 86' lang='lat' dir='ltr'><strong>cepisset,</strong></span> <span class='ocrx_word' id='word_1_98' title='bbox 1753 1428 1871 1471; x_wconf 84' lang='lat' dir='ltr'><strong>Ruc-</strong></span> 
     </span>
     <span class='ocr_line' id='line_1_15' title="bbox 444 1503 1871 1567; baseline -0.001 -15"><span class='ocrx_word' id='word_1_99' title='bbox 444 1505 642 1552; x_wconf 87' lang='lat' dir='ltr'><strong>colenus</strong></span> <span class='ocrx_word' id='word_1_100' title='bbox 674 1522 786 1551; x_wconf 91' lang='lat' dir='ltr'><strong>cum</strong></span> <span class='ocrx_word' id='word_1_101' title='bbox 820 1504 1154 1551; x_wconf 87' lang='lat' dir='ltr'><strong>Cenomanicis</strong></span> <span class='ocrx_word' id='word_1_102' title='bbox 1175 1506 1188 1527; x_wconf 85' lang='lat'>²</span> <span class='ocrx_word' id='word_1_103' title='bbox 1207 1503 1412 1567; x_wconf 78' lang='lat' dir='ltr'><strong>graviter</strong></span> <span class='ocrx_word' id='word_1_104' title='bbox 1443 1503 1682 1549; x_wconf 88' lang='lat' dir='ltr'><strong>civitatem</strong></span> <span class='ocrx_word' id='word_1_105' title='bbox 1717 1504 1871 1551; x_wconf 88' lang='lat' dir='ltr'><strong>Turo-</strong></span> 
     </span>
     <span class='ocr_line' id='line_1_16' title="bbox 445 1579 1870 1647; baseline -0.002 -18"><span class='ocrx_word' id='word_1_106' title='bbox 445 1584 668 1630; x_wconf 80' lang='lat' dir='ltr'><strong>nensem³</strong></span> <span class='ocrx_word' id='word_1_107' title='bbox 693 1581 1020 1647; x_wconf 86' lang='lat' dir='ltr'><strong>opprimebat,</strong></span> <span class='ocrx_word' id='word_1_108' title='bbox 1049 1582 1110 1628; x_wconf 87' lang='lat' dir='ltr'><strong>ita</strong></span> <span class='ocrx_word' id='word_1_109' title='bbox 1135 1591 1188 1627; x_wconf 92' lang='lat' dir='ltr'><strong>ut</strong></span> <span class='ocrx_word' id='word_1_110' title='bbox 1204 1590 1376 1627; x_wconf 90' lang='lat' dir='ltr'><strong>cuncta</strong></span> <span class='ocrx_word' id='word_1_111' title='bbox 1397 1580 1664 1640; x_wconf 85' lang='lat' dir='ltr'><strong>devastans,</strong></span> <span class='ocrx_word' id='word_1_112' title='bbox 1690 1579 1870 1627; x_wconf 90' lang='lat' dir='ltr'><strong>nullam</strong></span> 
     </span>
     <span class='ocr_line' id='line_1_17' title="bbox 444 1658 1870 1725; baseline -0.003 -17"><span class='ocrx_word' id='word_1_113' title='bbox 444 1678 579 1725; x_wconf 90' lang='lat' dir='ltr'><strong>spem</strong></span> <span class='ocrx_word' id='word_1_114' title='bbox 613 1659 849 1708; x_wconf 87' lang='lat' dir='ltr'><strong>alimoniae</strong></span> <span class='ocrx_word' id='word_1_115' title='bbox 886 1660 934 1705; x_wconf 90' lang='lat' dir='ltr'><strong>in</strong></span> <span class='ocrx_word' id='word_1_116' title='bbox 968 1658 1196 1706; x_wconf 87' lang='lat' dir='ltr'><strong>domibus</strong></span> <span class='ocrx_word' id='word_1_117' title='bbox 1233 1659 1467 1718; x_wconf 61' lang='lat' dir='ltr'><strong>ecclesiae,</strong></span> <span class='ocrx_word' id='word_1_118' title='bbox 1494 1658 1569 1704; x_wconf 85' lang='lat' dir='ltr'><strong>vel</strong></span> <span class='ocrx_word' id='word_1_119' title='bbox 1603 1674 1870 1723; x_wconf 88' lang='lat' dir='ltr'><strong>pauperum</strong></span> 
     </span>
     <span class='ocr_line' id='line_1_18' title="bbox 444 1736 1868 1804; baseline -0.003 -18"><span class='ocrx_word' id='word_1_120' title='bbox 444 1740 711 1804; x_wconf 86' lang='lat' dir='ltr'><strong>hospitiolis</strong></span> <span class='ocrx_word' id='word_1_121' title='bbox 745 1739 1051 1802; x_wconf 87' lang='lat' dir='ltr'><strong>relinqueret.</strong></span> <span class='ocrx_word' id='word_1_122' title='bbox 1089 1739 1280 1784; x_wconf 89' lang='lat' dir='ltr'><strong>Postera</strong></span> <span class='ocrx_word' id='word_1_123' title='bbox 1304 1746 1463 1783; x_wconf 88' lang='lat' dir='ltr'><strong>autem</strong></span> <span class='ocrx_word' id='word_1_124' title='bbox 1489 1737 1565 1783; x_wconf 89' lang='lat' dir='ltr'><strong>die</strong></span> <span class='ocrx_word' id='word_1_125' title='bbox 1599 1736 1779 1799; x_wconf 82' lang='lat' dir='ltr'><strong>legatos</strong></span> <span class='ocrx_word' id='word_1_126' title='bbox 1810 1737 1868 1783; x_wconf 87' lang='lat' dir='ltr'><strong>ad</strong></span> 
     </span>
     <span class='ocr_line' id='line_1_19' title="bbox 444 1814 1873 1879; baseline -0.003 -14"><span class='ocrx_word' id='word_1_127' title='bbox 444 1818 678 1865; x_wconf 87' lang='lat' dir='ltr'><strong>civitatem</strong></span> <span class='ocrx_word' id='word_1_128' title='bbox 715 1817 872 1875; x_wconf 87' lang='lat' dir='ltr'><strong>mittit,</strong></span> <span class='ocrx_word' id='word_1_129' title='bbox 900 1826 951 1863; x_wconf 92' lang='lat' dir='ltr'><strong>ut</strong></span> <span class='ocrx_word' id='word_1_130' title='bbox 982 1816 1204 1862; x_wconf 89' lang='lat' dir='ltr'><strong>homines</strong></span> <span class='ocrx_word' id='word_1_131' title='bbox 1228 1815 1312 1879; x_wconf 90' lang='lat' dir='ltr'><strong>qui</strong></span> <span class='ocrx_word' id='word_1_132' title='bbox 1343 1824 1539 1879; x_wconf 84' lang='lat' dir='ltr'><strong>propter</strong></span> <span class='ocrx_word' id='word_1_133' title='bbox 1562 1814 1753 1879; x_wconf 85' lang='lat' dir='ltr'><strong>culpam</strong></span> <span class='ocrx_word' id='word_1_134' title='bbox 1785 1815 1873 1861; x_wconf 87' lang='lat' dir='ltr'><strong>mi—</strong></span> 
     </span>
     <span class='ocr_line' id='line_1_20' title="bbox 445 1892 1873 1959; baseline -0.002 -17"><span class='ocrx_word' id='word_1_135' title='bbox 445 1896 572 1942; x_wconf 89' lang='lat' dir='ltr'><strong>nime</strong></span> <span class='ocrx_word' id='word_1_136' title='bbox 592 1894 732 1941; x_wconf 88' lang='lat' dir='ltr'><strong>nobis</strong></span> <span class='ocrx_word' id='word_1_137' title='bbox 759 1895 1051 1959; x_wconf 87' lang='lat' dir='ltr'><strong>incognitam</strong></span> <span class='ocrx_word' id='word_1_138' title='bbox 1072 1893 1133 1941; x_wconf 90' lang='lat' dir='ltr'><strong>ad</strong></span> <span class='ocrx_word' id='word_1_139' title='bbox 1158 1893 1308 1940; x_wconf 87' lang='lat' dir='ltr'><strong>sancti</strong></span> <span class='ocrx_word' id='word_1_140' title='bbox 1331 1892 1576 1939; x_wconf 84' lang='lat' dir='ltr'><strong>basilicam</strong></span> <span class='ocrx_word' id='word_1_141' title='bbox 1601 1892 1873 1940; x_wconf 86' lang='lat' dir='ltr'><strong>residebant</strong></span> 
     </span>
     <span class='ocr_line' id='line_1_21' title="bbox 444 1970 1870 2035; baseline -0.001 -16"><span class='ocrx_word' id='word_1_142' title='bbox 444 1972 804 2020; x_wconf 83' lang='lat' dir='ltr'><strong>extraherentur</strong></span> <span class='ocrx_word' id='word_1_143' title='bbox 824 1972 1046 2019; x_wconf 86' lang='lat' dir='ltr'><strong>aclericis</strong></span> <span class='ocrx_word' id='word_1_144' title='bbox 1068 1990 1077 2018; x_wconf 71' lang='grc' dir='ltr'>ε</span> <span class='ocrx_word' id='word_1_145' title='bbox 1103 1971 1236 2035; x_wconf 91' lang='lat' dir='ltr'><strong>quod</strong></span> <span class='ocrx_word' id='word_1_146' title='bbox 1256 1971 1294 2017; x_wconf 89' lang='lat' dir='ltr'><strong>si</strong></span> <span class='ocrx_word' id='word_1_147' title='bbox 1319 1970 1589 2017; x_wconf 82' lang='lat' dir='ltr'><strong>differretur</strong></span> <span class='ocrx_word' id='word_1_148' title='bbox 1614 1970 1733 2030; x_wconf 83' lang='lat' dir='ltr'><strong>fieri,</strong></span> <span class='ocrx_word' id='word_1_149' title='bbox 1763 1972 1870 2018; x_wconf 91' lang='lat' dir='ltr'><strong>uni-</strong></span> 
     </span>
     <span class='ocr_line' id='line_1_22' title="bbox 443 2049 1872 2115; baseline -0.001 -18"><span class='ocrx_word' id='word_1_150' title='bbox 443 2067 577 2098; x_wconf 87' lang='lat' dir='ltr'><strong>versa</strong></span> <span class='ocrx_word' id='word_1_151' title='bbox 624 2050 860 2115; x_wconf 87' lang='lat' dir='ltr'><strong>promittit</strong></span> <span class='ocrx_word' id='word_1_152' title='bbox 904 2049 1129 2096; x_wconf 84' lang='lat' dir='ltr'><strong>incendio</strong></span> <span class='ocrx_word' id='word_1_153' title='bbox 1168 2065 1494 2095; x_wconf 87' lang='lat' dir='ltr'><strong>concremare.</strong></span> <span class='ocrx_word' id='word_1_154' title='bbox 1540 2050 1596 2095; x_wconf 86' lang='lat' dir='ltr'><strong>Et</strong></span> <span class='ocrx_word' id='word_1_155' title='bbox 1639 2066 1729 2095; x_wconf 91' lang='lat' dir='ltr'><strong>nos</strong></span> <span class='ocrx_word' id='word_1_156' title='bbox 1772 2049 1872 2096; x_wconf 80' lang='lat' dir='ltr'><strong>haec</strong></span> 
     </span>
     <span class='ocr_line' id='line_1_23' title="bbox 449 2125 1871 2187; baseline -0.001 -13"><span class='ocrx_word' id='word_1_157' title='bbox 449 2127 696 2174; x_wconf 84' lang='lat' dir='ltr'><strong>audientes</strong></span> <span class='ocrx_word' id='word_1_158' title='bbox 711 2165 723 2187; x_wconf 91' lang='lat'>‚</span> <span class='ocrx_word' id='word_1_159' title='bbox 751 2128 906 2174; x_wconf 88' lang='lat' dir='ltr'><strong>moesti</strong></span> <span class='ocrx_word' id='word_1_160' title='bbox 929 2126 1067 2173; x_wconf 87' lang='lat' dir='ltr'><strong>valde</strong></span> <span class='ocrx_word' id='word_1_161' title='bbox 1089 2125 1335 2173; x_wconf 86' lang='lat' dir='ltr'><strong>basilicam</strong></span> <span class='ocrx_word' id='word_1_162' title='bbox 1358 2136 1572 2175; x_wconf 85' lang='lat' dir='ltr'><strong>sanctam</strong></span> <span class='ocrx_word' id='word_1_163' title='bbox 1597 2126 1800 2185; x_wconf 87' lang='lat' dir='ltr'><strong>adimus,</strong></span> <span class='ocrx_word' id='word_1_164' title='bbox 1827 2138 1871 2173; x_wconf 91' lang='lat' dir='ltr'><strong>et</strong></span> 
     </span>
     <span class='ocr_line' id='line_1_24' title="bbox 447 2203 1871 2269; baseline -0.001 -17"><span class='ocrx_word' id='word_1_165' title='bbox 447 2205 572 2252; x_wconf 84' lang='lat' dir='ltr'><strong>beati</strong></span> <span class='ocrx_word' id='word_1_166' title='bbox 607 2205 781 2252; x_wconf 82' lang='lat' dir='ltr'><strong>auxilia</strong></span> <span class='ocrx_word' id='word_1_167' title='bbox 817 2205 1102 2267; x_wconf 83' lang='lat' dir='ltr'><strong>flagitamus.</strong></span> <span class='ocrx_word' id='word_1_168' title='bbox 1145 2204 1410 2267; x_wconf 88' lang='lat' dir='ltr'><strong>Statimque</strong></span> <span class='ocrx_word' id='word_1_169' title='bbox 1450 2203 1723 2268; x_wconf 84' lang='lat' dir='ltr'><strong>paralytica,</strong></span> <span class='ocrx_word' id='word_1_170' title='bbox 1766 2222 1871 2269; x_wconf 83' lang='lat' dir='ltr'><strong>quae</strong></span> 
     </span>
     <span class='ocr_line' id='line_1_25' title="bbox 447 2280 1872 2347; baseline -0.001 -19"><span class='ocrx_word' id='word_1_171' title='bbox 447 2299 532 2347; x_wconf 90' lang='lat' dir='ltr'><strong>per</strong></span> <span class='ocrx_word' id='word_1_172' title='bbox 555 2282 814 2328; x_wconf 91' lang='lat' dir='ltr'><strong>duodecim</strong></span> <span class='ocrx_word' id='word_1_173' title='bbox 835 2297 990 2327; x_wconf 90' lang='lat' dir='ltr'><strong>annos</strong></span> <span class='ocrx_word' id='word_1_174' title='bbox 1014 2280 1166 2327; x_wconf 88' lang='lat' dir='ltr'><strong>fuerat</strong></span> <span class='ocrx_word' id='word_1_175' title='bbox 1188 2290 1431 2327; x_wconf 82' lang='lat' dir='ltr'><strong>contracta</strong></span> <span class='ocrx_word' id='word_1_176' title='bbox 1450 2318 1461 2340; x_wconf 88' lang='lat'>,</span> <span class='ocrx_word' id='word_1_177' title='bbox 1494 2280 1728 2345; x_wconf 85' lang='lat' dir='ltr'><strong>dirigitur.</strong></span> <span class='ocrx_word' id='word_1_178' title='bbox 1768 2284 1872 2346; x_wconf 84' lang='lat' dir='ltr'><strong>lpse</strong></span> 
     </span>
     <span class='ocr_line' id='line_1_26' title="bbox 447 2359 1872 2424; baseline -0.002 -16"><span class='ocrx_word' id='word_1_179' title='bbox 447 2379 560 2409; x_wconf 87' lang='lat' dir='ltr'><strong>vero</strong></span> <span class='ocrx_word' id='word_1_180' title='bbox 586 2361 883 2408; x_wconf 82' lang='lat' dir='ltr'><strong>Ruccolenus</strong></span> <span class='ocrx_word' id='word_1_181' title='bbox 913 2360 1189 2407; x_wconf 90' lang='lat' dir='ltr'><strong>ulteriorem</strong></span> <span class='ocrx_word' id='word_1_182' title='bbox 1219 2360 1373 2424; x_wconf 87' lang='lat' dir='ltr'><strong>ripam</strong></span> <span class='ocrx_word' id='word_1_183' title='bbox 1401 2375 1670 2423; x_wconf 84' lang='lat' dir='ltr'><strong>aggressus,</strong></span> <span class='ocrx_word' id='word_1_184' title='bbox 1700 2359 1872 2406; x_wconf 87' lang='lat' dir='ltr'><strong>morbo</strong></span> 
     </span>
     <span class='ocr_line' id='line_1_27' title="bbox 447 2436 1873 2502; baseline -0.001 -16"><span class='ocrx_word' id='word_1_185' title='bbox 447 2439 697 2486; x_wconf 84' lang='lat' dir='ltr'><strong>confestim</strong></span> <span class='ocrx_word' id='word_1_186' title='bbox 743 2439 873 2502; x_wconf 82' lang='lat' dir='ltr'><strong>regio</strong></span> <span class='ocrx_word' id='word_1_187' title='bbox 914 2438 1152 2484; x_wconf 86' lang='lat' dir='ltr'><strong>sauciatur</strong></span> <span class='ocrx_word' id='word_1_188' title='bbox 1170 2475 1182 2497; x_wconf 86' lang='lat'><strong>‚</strong></span> <span class='ocrx_word' id='word_1_189' title='bbox 1224 2446 1365 2500; x_wconf 89' lang='lat' dir='ltr'><strong>atque</strong></span> <span class='ocrx_word' id='word_1_190' title='bbox 1407 2436 1467 2482; x_wconf 89' lang='lat' dir='ltr'><strong>ab</strong></span> <span class='ocrx_word' id='word_1_191' title='bbox 1519 2436 1873 2484; x_wconf 77' lang='lat' dir='ltr'><strong>infirmitatibus</strong></span> 
     </span>
     <span class='ocr_line' id='line_1_28' title="bbox 450 2513 1873 2580; baseline -0.002 -17"><span class='ocrx_word' id='word_1_192' title='bbox 450 2515 755 2577; x_wconf 66' lang='lat' dir='ltr'><strong>Herodkmis,</strong></span> <span class='ocrx_word' id='word_1_193' title='bbox 782 2532 899 2580; x_wconf 87' lang='lat' dir='ltr'><strong>quas</strong></span> <span class='ocrx_word' id='word_1_194' title='bbox 920 2531 1142 2562; x_wconf 88' lang='lat' dir='ltr'><strong>enarrare</strong></span> <span class='ocrx_word' id='word_1_195' title='bbox 1161 2514 1362 2577; x_wconf 87' lang='lat' dir='ltr'><strong>longum</strong></span> <span class='ocrx_word' id='word_1_196' title='bbox 1384 2513 1596 2573; x_wconf 87' lang='lat' dir='ltr'><strong>videtur,</strong></span> <span class='ocrx_word' id='word_1_197' title='bbox 1621 2514 1797 2570; x_wconf 83' lang='lat' dir='ltr'><strong>allisuS,</strong></span> <span class='ocrx_word' id='word_1_198' title='bbox 1827 2524 1873 2560; x_wconf 88' lang='lat' dir='ltr'><strong>et</strong></span> 
     </span>
    </p>
   </div>
   <div class='ocr_carea' id='block_1_6' title="bbox 477 2708 1692 2887">
    <p class='ocr_par' dir='ltr' id='par_1_6' title="bbox 477 2708 1692 2887">
     <span class='ocr_line' id='line_1_29' title="bbox 477 2708 916 2760; baseline 0.002 -13"><span class='ocrx_word' id='word_1_199' title='bbox 477 2712 531 2758; x_wconf 81' lang='lat'><strong>(1)</strong></span> <span class='ocrx_word' id='word_1_200' title='bbox 579 2708 799 2760; x_wconf 78' lang='lat' dir='ltr'><strong>Sigesberto,</strong></span> <span class='ocrx_word' id='word_1_201' title='bbox 820 2711 916 2748; x_wconf 85' lang='lat' dir='ltr'><strong>Cott.</strong></span> 
     </span>
     <span class='ocr_line' id='line_1_30' title="bbox 502 2770 1692 2823; baseline -0.003 -11"><span class='ocrx_word' id='word_1_202' title='bbox 502 2776 557 2823; x_wconf 75' lang='lat'><strong>(2)</strong></span> <span class='ocrx_word' id='word_1_203' title='bbox 574 2770 697 2815; x_wconf 62' lang='lat' dir='ltr'><strong>Clss-F.</strong></span> <span class='ocrx_word' id='word_1_204' title='bbox 716 2776 995 2812; x_wconf 79' lang='lat' dir='ltr'><strong>Rucculenus...</strong></span> <span class='ocrx_word' id='word_1_205' title='bbox 1024 2775 1296 2819; x_wconf 77' lang='lat' dir='ltr'><strong>Cinomanieis;</strong></span> <span class='ocrx_word' id='word_1_206' title='bbox 1314 2775 1413 2812; x_wconf 87' lang='lat' dir='ltr'><strong>Cott.</strong></span> <span class='ocrx_word' id='word_1_207' title='bbox 1437 2775 1692 2812; x_wconf 76' lang='lat' dir='ltr'><strong>Cinomannis.</strong></span> 
     </span>
     <span class='ocr_line' id='line_1_31' title="bbox 502 2835 1547 2887; baseline -0.001 -13"><span class='ocrx_word' id='word_1_208' title='bbox 502 2835 557 2887; x_wconf 83' lang='lat'><strong>(3)</strong></span> <span class='ocrx_word' id='word_1_209' title='bbox 578 2839 746 2875; x_wconf 73' lang='lat' dir='ltr'><strong>Turonas</strong></span> <span class='ocrx_word' id='word_1_210' title='bbox 765 2838 885 2885; x_wconf 72' lang='lat'><strong>5329,</strong></span> <span class='ocrx_word' id='word_1_211' title='bbox 906 2839 1029 2883; x_wconf 81' lang='lat' dir='ltr'><strong>Cott,;</strong></span> <span class='ocrx_word' id='word_1_212' title='bbox 1054 2839 1254 2883; x_wconf 79' lang='lat' dir='ltr'><strong>Turonum,</strong></span> <span class='ocrx_word' id='word_1_213' title='bbox 1278 2838 1380 2874; x_wconf 67' lang='lat'><strong>5334</strong></span> <span class='ocrx_word' id='word_1_214' title='bbox 1394 2867 1403 2883; x_wconf 92' lang='lat'>‚</span> <span class='ocrx_word' id='word_1_215' title='bbox 1426 2836 1547 2874; x_wconf 83' lang='lat' dir='ltr'><strong>Cl.-F.</strong></span> 
     </span>
    </p>
   </div>
  </div>
 </body>
</html>
