2028 3458
454 263 529 301 308
652 263 719 299 DE
746 261 1039 299 VIRTUTIBUS
1069 260 1241 299 SANCTI
1269 261 1492 299 MARTINI.
1515 281 1566 289 —
1584 261 1651 298 IV.

992 436 1149 471 CAPUT
1168 436 1324 472 XXVII.

685 535 738 569 De
758 546 857 569 servo
878 533 1075 568 Nonnichii
1090 533 1248 580 episcopi
1265 545 1285 567 a
1303 532 1481 567 debilitate
1496 542 1631 568 sanato.

515 622 810 670 Adveniente
832 629 989 667 autem
1016 620 1133 666 sesto
1156 619 1278 665 beati
1306 619 1509 675 Martini,
1540 619 1834 666 Nonnichius
1855 657 1866 678 ,

452 700 868 748 Namneticorum²
890 697 1118 763 pontifex,
1141 696 1200 743 ad
1224 696 1465 743 basilicam
1482 698 1628 743 sancti
1653 697 1869 756 advenit,

451 777 678 826 exhibens
701 793 860 824 secum
882 791 1086 840 puerum
1107 774 1333 821 membris
1349 774 1650 833 dissolutum,
1674 777 1871 822 nomine

447 855 814 919 Bandegisilum.
834 853 1092 900 Celebratis
1109 853 1248 916 igitur
1263 852 1507 899 solemniis
1530 853 1698 913 sancti,
1719 852 1867 912 hunc,

450 934 648 984 artubus
670 932 912 992 restitutis,
933 948 1096 979 secum
1118 930 1308 978 reduxit
1331 930 1640 978 incolumem.

982 1093 1138 1129 CAPUT
1175 1093 1353 1128 XXVIII.

820 1195 873 1229 De
887 1191 1029 1228 Claudii
1047 1191 1172 1239 regalis
1189 1190 1385 1226 cancellarii
1402 1191 1513 1225 febre.

520 1277 668 1325 Nobis
691 1293 886 1342 quoque
910 1293 1022 1323 cum
1045 1292 1154 1338 rege
1177 1275 1494 1334 morantibuS,
1519 1275 1744 1322 Claudius
1770 1276 1878 1340 qui-

455 1355 570 1404 dam
611 1372 669 1402 ex
704 1354 997 1401 cancellariis
1038 1352 1275 1415 regalibus
1296 1355 1309 1377 ³
1353 1369 1381 1399 a
1426 1352 1556 1399 febre
1598 1354 1872 1418 corripitur.

454 1435 673 1497 Cumque
696 1432 858 1478 cibum
888 1440 1153 1495 potumque
1188 1430 1336 1477 nimia
1366 1446 1619 1494 oppressus
1643 1430 1774 1477 febre
1796 1447 1879 1477 ex—

453 1510 733 1568 horruisset,
758 1508 898 1555 nobis
915 1525 1019 1571 quae
1039 1507 1307 1572 patiebatur
1326 1517 1520 1571 questus
1540 1518 1627 1566 est,
1651 1508 1879 1555 dilutum-

454 1603 549 1651 que
573 1586 846 1651 pulverem,
873 1601 1021 1648 quem
1044 1584 1104 1631 de
1130 1584 1280 1630 sancti
1304 1599 1359 1630 ac
1382 1582 1511 1630 beati
1544 1584 1765 1649 sepulcro
1790 1601 1879 1650 pro

455 1664 717 1712 salvatione
750 1662 1041 1723 levavimuS,
1069 1671 1123 1709 ut
1144 1661 1327 1719 hausit,
1352 1677 1491 1724 mox,
1517 1677 1791 1727 compressa
1814 1662 1881 1709 fe-

458 1742 565 1802 bre,
592 1749 785 1789 sanatus
808 1748 895 1787 est.

1012 1902 1168 1939 CAPUT
1203 1902 1342 1938 XXIX.

523 2002 576 2036 De
591 2013 634 2037 eo
652 1999 751 2048 quod
770 2001 885 2047 Agnes
900 1998 1125 2035 Pictaviensis
1142 1994 1313 2034 abbatissa
1332 1998 1377 2033 de
1395 2007 1501 2034 nauta
1520 1999 1675 2047 quodam
1695 2001 1825 2036 retulit.

527 2086 822 2134 Venerabilis
846 2101 960 2132 vero
986 2087 1138 2149 Agnes
1153 2120 1166 2143 2
1192 2085 1489 2131 pictavarum
1511 2086 1526 2109 ⁴
1547 2086 1886 2133 sanctimonia-

464 2163 583 2227 lium
605 2162 862 2222 abbatissa,
889 2162 1087 2209 relatam
1111 2161 1200 2208 sibi
1224 2161 1284 2208 ab
1308 2162 1411 2226 ipso
1434 2162 1511 2208 cui
1534 2164 1747 2227 contigit,
1770 2167 1887 2211 Tre-

466 2241 626 2288 verico
658 2240 834 2288 scilicet
865 2239 1184 2304 negotiatore,
1211 2256 1313 2286 rem
1348 2240 1566 2287 miraculi
1589 2243 1884 2306 provenisse,

467 2319 533 2367 sic
556 2319 730 2367 retulit.
765 2338 789 2363 «
807 2322 951 2379 Dum,
975 2319 1147 2384 inquit,
1168 2319 1323 2368 Mettis
1346 2320 1664 2384 accessissem,
1686 2322 1888 2370 interro-

522 2514 577 2560 (1)
594 2511 696 2551 Editi
715 2512 970 2550 Monm‘chius.
985 2509 1081 2548 Vide
1098 2510 1167 2549 lib.
1193 2513 1282 2549 VIII
1301 2512 1418 2560 nist„
1442 2526 1528 2565 cap.
1554 2526 1666 2552 xmn.

521 2574 579 2628 (2)
598 2577 907 2620 Nanneticormn,
929 2575 1038 2625 Sag,
1061 2587 1146 2624 sup.
1170 2576 1263 2623 243,
1289 2583 1363 2613 etc.

522 2640 577 2688 (3)
597 2640 643 2688 In
665 2637 785 2685 Bell.‚
818 2639 1056 2673 cancellariis
1080 2641 1216 2674 nostris
1241 2637 1446 2689 regalibus,
1476 2647 1514 2676 et
1545 2638 1585 2676 in
1614 2638 1723 2676 titulo
1757 2637 1890 2690 capitis

468 2700 576 2739 deest
594 2713 671 2739 vox
691 2703 841 2751 regalis.
869 2701 948 2750 (R.)

520 2764 576 2812 (ln)
598 2764 703 2802 2204
724 2764 985 2800 Pectavarum.
