2028 3458
453 272 531 309 396
815 271 882 307 DE
910 270 1101 308 GLORIA
1129 268 1502 308 CONFESSORUM.

451 361 689 409 sanitates.
711 361 769 405 Et
788 358 918 421 quia,
942 366 996 404 ut
1011 356 1184 420 legitur
1202 358 1251 404 in
1277 357 1378 420 ejus
1396 358 1512 405 Vitae
1526 357 1670 417 libro,
1688 358 1867 406 nullam

451 453 665 502 unquam
696 436 943 482 mulierem
969 444 1078 499 post
1108 436 1474 485 conversionem
1498 436 1648 483 oculis
1682 437 1871 483 attentis

451 515 679 581 inspexit3
706 523 962 578 postquam
986 530 1101 559 vero
1139 513 1376 559 columnae
1406 513 1595 561 editiori
1626 531 1675 561 se
1699 515 1870 561 sancti-

452 602 544 640 tate
571 592 756 639 fervens
778 591 972 649 invexit,
999 607 1099 636 non
1123 589 1273 636 modo
1303 599 1537 638 extraneae
1562 592 1766 650 mulieri,
1791 608 1871 638 ve·

451 669 704 717 rumetiam
726 685 815 715 nec
835 667 1039 733 propriae
1057 667 1196 714 matri
1221 683 1271 714 se
1289 667 1551 714 videndum
1570 669 1799 733 permisit,
1827 678 1873 716 et

452 765 583 795 nunc
605 747 749 794 etiam
780 746 943 793 locum
966 746 1125 811 ipsum
1149 746 1211 793 ab
1233 745 1376 809 hujus
1401 762 1539 792 sexus
1559 745 1772 793 defensat
1793 763 1873 794 ac-

452 842 602 873 cessu.
630 827 750 871 Nam
771 823 929 870 ferunt
946 822 1206 888 quamdam
1225 822 1472 870 mulierem
1494 822 1712 870 indutam
1732 823 1873 871 fuisse

453 910 579 949 veste
600 899 742 962 virili,
768 910 816 947 et
837 900 886 946 in
911 899 1152 947 basilicam
1178 899 1360 964 ingredi
1390 899 1596 947 voluisse
1618 898 1870 947 columnae.

451 982 674 1027 Tractans
696 994 859 1026 secum
882 978 1054 1025 misera
1088 994 1226 1042 agere
1250 994 1389 1043 posse
1413 994 1500 1042 per
1537 977 1874 1024 indumentum

452 1056 584 1121 quod
617 1056 764 1103 latere
795 1064 956 1121 posset
984 1055 1275 1102 Altissimum
1310 1074 1320 1102 :
1349 1055 1575 1118 ignorans
1599 1053 1717 1101 illud
1754 1056 1877 1119 Apo-

453 1135 579 1196 stoli,
618 1135 733 1200 quia
764 1138 894 1181 Deus
919 1151 1014 1180 non
1042 1132 1287 1181 irridetur.
1314 1133 1444 1181 Ilicet
1466 1133 1550 1180 ubi
1587 1133 1784 1180 veniens
1814 1132 1877 1180 ad

453 1212 714 1277 templum,
756 1212 904 1259 erexit
945 1211 1119 1276 pedem
1138 1248 1150 1270 ‚
1198 1221 1250 1258 ut
1290 1221 1507 1259 sanctum
1550 1210 1878 1276 ingrederetur

454 1290 600 1338 limen
634 1308 644 1336 ε
676 1299 835 1337 tamen
863 1290 1082 1355 protinus
1114 1300 1375 1337 retrorsum
1408 1307 1569 1348 ruens,
1601 1289 1792 1350 cecidit,
1832 1299 1879 1335 et

456 1378 645 1415 mortua
668 1378 763 1427 est3
789 1368 994 1431 satisque
1018 1368 1104 1414 fuit
1129 1368 1336 1433 populis,
1364 1384 1425 1414 ne
1445 1367 1546 1415 haec
1564 1367 1687 1414 ultra
1709 1367 1878 1414 mulier

455 1446 550 1494 ulla
574 1456 899 1511 praesumeret,
925 1462 1037 1492 cum
1060 1446 1109 1492 in
1129 1446 1269 1493 istam
1286 1455 1501 1493 cerneret
1518 1446 1752 1493 ultionem
1777 1461 1878 1510 pes-

455 1523 572 1571 sime
596 1525 871 1587 irrogatam.

999 1622 1158 1659 CAPUT
1180 1622 1337 1658 XXVII.

631 1721 683 1755 De
701 1718 868 1767 sepulcris
883 1720 1172 1767 presbyterorum
1187 1719 1226 1754 in
1237 1719 1382 1754 basilica
1395 1718 1504 1754 sancti
1520 1717 1703 1755 Martialis.

470 1856 476 1863 ·
520 1827 665 1891 Igitur
697 1836 889 1874 sanctus
920 1826 1142 1874 Martialis
1177 1827 1429 1893 episcopus
1458 1841 1486 1873 a
1508 1824 1736 1872 Romanis
1767 1824 1880 1870 mis-

455 1921 534 1952 sus
561 1904 820 1969 episcopiS,
846 1905 895 1951 in
924 1903 1041 1951 urbe
1071 1903 1379 1951 Lemovicina
1406 1902 1662 1969 praedicare
1687 1917 1880 1948 exorsus

454 1993 547 2043 est3
575 1984 845 2047 eversisque
871 1983 1236 2030 simulacrorum
1256 1981 1441 2041 ritibus,
1468 1981 1649 2046 repleta
1666 1981 1766 2044 jam
1783 1995 1880 2025 cre-

456 2061 654 2108 dulitate
679 2060 766 2107 Dei
791 2059 925 2118 urbe,
952 2061 1168 2124 migravit
1192 2077 1218 2108 a
1241 2059 1430 2108 saeculo.
1460 2062 1605 2105 Erant
1626 2067 1741 2104 tunc
1764 2066 1881 2103 tem-

456 2139 587 2204 poris
606 2154 716 2185 cum
735 2154 793 2185 eo
815 2137 912 2184 duo
937 2138 1199 2203 presbyteri
1214 2138 1249 2198 ¹,
1276 2153 1398 2201 quos
1420 2152 1581 2183 secum
1600 2135 1662 2182 ab
1687 2135 1883 2182 Oriente

458 2214 652 2262 adduxit
684 2216 731 2261 in
773 2214 974 2262 Galliam
1013 2233 1022 2261 :
1059 2232 1225 2262 verum
1258 2214 1340 2261 ubi
1373 2213 1601 2278 completi
1639 2221 1749 2259 sunt
1782 2211 1883 2258 dies

459 2309 646 2351 eorum,
666 2302 776 2339 utet
792 2293 882 2358 ipsi
898 2303 1186 2340 vocarentur
1202 2291 1263 2340 de
1285 2291 1380 2339 hoc
1399 2291 1590 2352 saeculo,
1615 2289 1884 2353 conjunctis

458 2368 780 2434 sarcophagis,
801 2369 849 2415 in
871 2368 1040 2416 eadem
1057 2378 1222 2434 crypta
1238 2369 1285 2415 in
1302 2385 1397 2432 qua
1413 2378 1605 2416 sanctus
1630 2367 1884 2432 episcopus

460 2455 571 2493 sunt
591 2446 789 2511 sepulti3
818 2456 865 2493 et
889 2463 1012 2493 unus
1042 2446 1239 2509 quidem
1270 2446 1440 2511 parieti
1472 2445 1738 2511 proximus,
1765 2443 1885 2490 alter

461 2540 574 2570 vero
598 2523 711 2570 huic
734 2523 984 2586 contiguus
1004 2534 1119 2571 erat.
1145 2526 1298 2589 Super
1321 2534 1493 2571 terram
1510 2534 1670 2571 tamen
1697 2522 1884 2584 utrique

519 2675 573 2726 (1)
604 2675 666 2714 Illi
694 2675 773 2714 duo
798 2675 1033 2728 presbyteri,
1058 2676 1155 2726 alia,
1175 2677 1241 2715 sed
1270 2677 1352 2716 fere
1380 2677 1518 2729 aequali
1549 2689 1691 2724 manu,
1714 2675 1754 2713 in
1786 2673 1881 2711 Bell.

463 2734 643 2773 dicuntur
661 2738 894 2785 Alpinianus
924 2744 961 2773 et
993 2739 1285 2785 Stratoclianus3
1317 2746 1356 2776 et
1386 2737 1426 2775 in
1455 2736 1655 2787 martyrol.
1679 2738 1795 2774 Rom.
1824 2732 1885 2770 die

465 2798 515 2834 30
530 2794 644 2843 junii,
667 2795 892 2833 Albinianus
910 2804 948 2834 et
966 2799 1297 2836 Austriclinianus.
1316 2800 1396 2846 (R.)
