<?xml version="1.0" encoding="UTF-8"?>
<!DOCTYPE html PUBLIC "-//W3C//DTD XHTML 1.0 Transitional//EN"
    "http://www.w3.org/TR/xhtml1/DTD/xhtml1-transitional.dtd">
<html xmlns="http://www.w3.org/1999/xhtml" xml:lang="en" lang="en">
 <head>
  <title>
</title>
<meta http-equiv="Content-Type" content="text/html;charset=utf-8" />
  <meta name='ocr-system' content='tesseract 3.04.00' />
  <meta name='ocr-capabilities' content='ocr_page ocr_carea ocr_par ocr_line ocrx_word'/>
</head>
<body>
  <div class='ocr_page' id='page_1' title='image "./leslivresdesmira02greguoft_0164.png"; bbox 0 0 2028 3458; ppageno 0'>
   <div class='ocr_carea' id='block_1_1' title="bbox 502 348 1699 390">
    <p class='ocr_par' dir='ltr' id='par_1_1' title="bbox 502 348 1699 390">
     <span class='ocr_line' id='line_1_1' title="bbox 502 348 1699 390; baseline -0.005 -1"><span class='ocrx_word' id='word_1_1' title='bbox 502 352 577 390; x_wconf 64' lang='lat'><strong>1128</strong></span> <span class='ocrx_word' id='word_1_2' title='bbox 705 351 770 387; x_wconf 84' lang='lat' dir='ltr'><strong>DE</strong></span> <span class='ocrx_word' id='word_1_3' title='bbox 800 349 1093 386; x_wconf 88' lang='lat' dir='ltr'>VIRTUTIBUS</span> <span class='ocrx_word' id='word_1_4' title='bbox 1126 348 1297 385; x_wconf 83' lang='lat' dir='ltr'><strong>SANCTI</strong></span> <span class='ocrx_word' id='word_1_5' title='bbox 1331 348 1553 385; x_wconf 83' lang='lat' dir='ltr'><strong>MARTINI.</strong></span> <span class='ocrx_word' id='word_1_6' title='bbox 1575 348 1699 384; x_wconf 88' lang='grc'><strong>-11,</strong></span> 
     </span>
    </p>
   </div>
   <div class='ocr_carea' id='block_1_2' title="bbox 482 436 1912 2904">
    <p class='ocr_par' dir='ltr' id='par_1_2' title="bbox 482 436 1912 2904">
     <span class='ocr_line' id='line_1_2' title="bbox 497 436 1912 503; baseline -0.006 -14"><span class='ocrx_word' id='word_1_7' title='bbox 497 445 601 489; x_wconf 89' lang='lat' dir='ltr'><strong>Jam</strong></span> <span class='ocrx_word' id='word_1_8' title='bbox 625 441 753 488; x_wconf 87' lang='lat' dir='ltr'><strong>enim</strong></span> <span class='ocrx_word' id='word_1_9' title='bbox 777 439 839 486; x_wconf 92' lang='lat' dir='ltr'><strong>ad</strong></span> <span class='ocrx_word' id='word_1_10' title='bbox 863 439 1014 503; x_wconf 90' lang='lat' dir='ltr'>ipsam</span> <span class='ocrx_word' id='word_1_11' title='bbox 1038 437 1243 498; x_wconf 84' lang='lat' dir='ltr'><strong>febrem,</strong></span> <span class='ocrx_word' id='word_1_12' title='bbox 1271 436 1443 484; x_wconf 85' lang='lat' dir='ltr'>exinde</span> <span class='ocrx_word' id='word_1_13' title='bbox 1473 437 1582 484; x_wconf 90' lang='lat' dir='ltr'><strong>licet</strong></span> <span class='ocrx_word' id='word_1_14' title='bbox 1606 453 1775 502; x_wconf 88' lang='lat' dir='ltr'><strong>parum</strong></span> <span class='ocrx_word' id='word_1_15' title='bbox 1800 451 1912 500; x_wconf 89' lang='lat' dir='ltr'><strong>pro-</strong></span> 
     </span>
     <span class='ocr_line' id='line_1_3' title="bbox 497 513 1911 581; baseline -0.004 -16"><span class='ocrx_word' id='word_1_16' title='bbox 497 519 700 578; x_wconf 84' lang='lat' dir='ltr'><strong>fecisset,</strong></span> <span class='ocrx_word' id='word_1_17' title='bbox 743 516 946 563; x_wconf 89' lang='lat' dir='ltr'><strong>multum</strong></span> <span class='ocrx_word' id='word_1_18' title='bbox 987 526 1146 563; x_wconf 89' lang='lat' dir='ltr'><strong>tamen</strong></span> <span class='ocrx_word' id='word_1_19' title='bbox 1188 515 1504 581; x_wconf 85' lang='lat' dir='ltr'><strong>expenderat,</strong></span> <span class='ocrx_word' id='word_1_20' title='bbox 1543 525 1590 562; x_wconf 89' lang='lat' dir='ltr'><strong>et</strong></span> <span class='ocrx_word' id='word_1_21' title='bbox 1631 523 1731 562; x_wconf 89' lang='lat' dir='ltr'><strong>erat</strong></span> <span class='ocrx_word' id='word_1_22' title='bbox 1774 513 1911 560; x_wconf 87' lang='lat' dir='ltr'><strong>valde</strong></span> 
     </span>
     <span class='ocr_line' id='line_1_4' title="bbox 496 591 1910 656; baseline -0.004 -14"><span class='ocrx_word' id='word_1_23' title='bbox 496 595 667 642; x_wconf 88' lang='lat' dir='ltr'><strong>media.</strong></span> <span class='ocrx_word' id='word_1_24' title='bbox 697 597 1065 656; x_wconf 85' lang='lat' dir='ltr'><strong>Perungensque</strong></span> <span class='ocrx_word' id='word_1_25' title='bbox 1084 592 1145 639; x_wconf 91' lang='lat' dir='ltr'><strong>ab</strong></span> <span class='ocrx_word' id='word_1_26' title='bbox 1167 591 1262 639; x_wconf 91' lang='lat' dir='ltr'><strong>hoc</strong></span> <span class='ocrx_word' id='word_1_27' title='bbox 1287 592 1470 656; x_wconf 90' lang='lat' dir='ltr'><strong>liquore</strong></span> <span class='ocrx_word' id='word_1_28' title='bbox 1495 592 1701 638; x_wconf 83' lang='lat' dir='ltr'><strong>frontem</strong></span> <span class='ocrx_word' id='word_1_29' title='bbox 1722 601 1770 638; x_wconf 90' lang='lat' dir='ltr'><strong>et</strong></span> <span class='ocrx_word' id='word_1_30' title='bbox 1792 600 1910 638; x_wconf 88' lang='lat' dir='ltr'><strong>tem-</strong></span> 
     </span>
     <span class='ocr_line' id='line_1_5' title="bbox 493 667 1910 738; baseline -0.003 -20"><span class='ocrx_word' id='word_1_31' title='bbox 493 689 628 738; x_wconf 86' lang='lat' dir='ltr'><strong>pora,</strong></span> <span class='ocrx_word' id='word_1_32' title='bbox 667 671 876 736; x_wconf 90' lang='lat' dir='ltr'><strong>postulat</strong></span> <span class='ocrx_word' id='word_1_33' title='bbox 900 679 951 717; x_wconf 92' lang='lat' dir='ltr'><strong>ut</strong></span> <span class='ocrx_word' id='word_1_34' title='bbox 980 679 1026 717; x_wconf 92' lang='lat' dir='ltr'><strong>et</strong></span> <span class='ocrx_word' id='word_1_35' title='bbox 1057 668 1302 716; x_wconf 89' lang='lat' dir='ltr'><strong>vasculum</strong></span> <span class='ocrx_word' id='word_1_36' title='bbox 1338 686 1473 716; x_wconf 90' lang='lat' dir='ltr'><strong>secus</strong></span> <span class='ocrx_word' id='word_1_37' title='bbox 1507 668 1634 716; x_wconf 91' lang='lat' dir='ltr'><strong>beati</strong></span> <span class='ocrx_word' id='word_1_38' title='bbox 1671 667 1910 715; x_wconf 89' lang='lat' dir='ltr'><strong>tumulum</strong></span> 
     </span>
     <span class='ocr_line' id='line_1_6' title="bbox 491 746 1907 814; baseline -0.003 -19"><span class='ocrx_word' id='word_1_39' title='bbox 491 759 768 814; x_wconf 83' lang='lat' dir='ltr'><strong>poneretur.</strong></span> <span class='ocrx_word' id='word_1_40' title='bbox 804 750 983 805; x_wconf 89' lang='lat' dir='ltr'><strong>Quarta</strong></span> <span class='ocrx_word' id='word_1_41' title='bbox 1007 764 1121 794; x_wconf 89' lang='lat' dir='ltr'><strong>vero</strong></span> <span class='ocrx_word' id='word_1_42' title='bbox 1153 746 1230 793; x_wconf 88' lang='lat' dir='ltr'><strong>die</strong></span> <span class='ocrx_word' id='word_1_43' title='bbox 1258 763 1368 793; x_wconf 91' lang='lat' dir='ltr'><strong>cum</strong></span> <span class='ocrx_word' id='word_1_44' title='bbox 1393 764 1503 794; x_wconf 90' lang='lat' dir='ltr'><strong>eum</strong></span> <span class='ocrx_word' id='word_1_45' title='bbox 1530 747 1671 794; x_wconf 90' lang='lat' dir='ltr'><strong>febris</strong></span> <span class='ocrx_word' id='word_1_46' title='bbox 1704 755 1907 810; x_wconf 84' lang='lat' dir='ltr'><strong>urgeret,</strong></span> 
     </span>
     <span class='ocr_line' id='line_1_7' title="bbox 489 824 1912 890; baseline -0.003 -17"><span class='ocrx_word' id='word_1_47' title='bbox 489 826 729 874; x_wconf 86' lang='lat' dir='ltr'>basilicam</span> <span class='ocrx_word' id='word_1_48' title='bbox 762 826 895 890; x_wconf 87' lang='lat' dir='ltr'><strong>petit,</strong></span> <span class='ocrx_word' id='word_1_49' title='bbox 932 825 1312 890; x_wconf 86' lang='lat' dir='ltr'><strong>provolutusque</strong></span> <span class='ocrx_word' id='word_1_50' title='bbox 1337 824 1598 871; x_wconf 83' lang='lat' dir='ltr'><strong>diutissime</strong></span> <span class='ocrx_word' id='word_1_51' title='bbox 1624 824 1791 870; x_wconf 89' lang='lat' dir='ltr'><strong>oravit.</strong></span> <span class='ocrx_word' id='word_1_52' title='bbox 1823 826 1912 887; x_wconf 83' lang='lat' dir='ltr'><strong>Ap-</strong></span> 
     </span>
     <span class='ocr_line' id='line_1_8' title="bbox 489 900 1906 967; baseline -0.002 -17"><span class='ocrx_word' id='word_1_53' title='bbox 489 903 775 967; x_wconf 89' lang='lat' dir='ltr'><strong>prehensam</strong></span> <span class='ocrx_word' id='word_1_54' title='bbox 788 912 946 949; x_wconf 89' lang='lat' dir='ltr'><strong>autem</strong></span> <span class='ocrx_word' id='word_1_55' title='bbox 959 901 1237 967; x_wconf 85' lang='lat' dir='ltr'><strong>ampullam,</strong></span> <span class='ocrx_word' id='word_1_56' title='bbox 1256 917 1401 965; x_wconf 92' lang='lat' dir='ltr'><strong>quam</strong></span> <span class='ocrx_word' id='word_1_57' title='bbox 1414 901 1665 965; x_wconf 85' lang='lat' dir='ltr'><strong>reliquerat</strong></span> <span class='ocrx_word' id='word_1_58' title='bbox 1680 900 1906 958; x_wconf 85' lang='lat' dir='ltr'><strong>mediam,</strong></span> 
     </span>
     <span class='ocr_line' id='line_1_9' title="bbox 487 978 1907 1045; baseline -0.002 -18"><span class='ocrx_word' id='word_1_59' title='bbox 487 981 666 1027; x_wconf 92' lang='lat' dir='ltr'><strong>invenit</strong></span> <span class='ocrx_word' id='word_1_60' title='bbox 689 979 899 1045; x_wconf 81' lang='lat' dir='ltr'><strong>plenam,</strong></span> <span class='ocrx_word' id='word_1_61' title='bbox 921 979 1258 1043; x_wconf 85' lang='lat' dir='ltr'><strong>admiransque</strong></span> <span class='ocrx_word' id='word_1_62' title='bbox 1275 980 1497 1025; x_wconf 86' lang='lat' dir='ltr'><strong>virtutem</strong></span> <span class='ocrx_word' id='word_1_63' title='bbox 1521 978 1650 1025; x_wconf 88' lang='lat' dir='ltr'><strong>beati</strong></span> <span class='ocrx_word' id='word_1_64' title='bbox 1673 979 1907 1036; x_wconf 88' lang='lat' dir='ltr'><strong>antistitis,</strong></span> 
     </span>
     <span class='ocr_line' id='line_1_10' title="bbox 487 1056 1912 1120; baseline -0.002 -16"><span class='ocrx_word' id='word_1_65' title='bbox 487 1074 592 1104; x_wconf 88' lang='lat' dir='ltr'><strong>eam</strong></span> <span class='ocrx_word' id='word_1_66' title='bbox 620 1056 823 1103; x_wconf 91' lang='lat' dir='ltr'><strong>domum</strong></span> <span class='ocrx_word' id='word_1_67' title='bbox 853 1074 965 1103; x_wconf 91' lang='lat' dir='ltr'><strong>cum</strong></span> <span class='ocrx_word' id='word_1_68' title='bbox 989 1057 1160 1103; x_wconf 89' lang='lat' dir='ltr'><strong>timore</strong></span> <span class='ocrx_word' id='word_1_69' title='bbox 1185 1067 1231 1103; x_wconf 93' lang='lat' dir='ltr'><strong>et</strong></span> <span class='ocrx_word' id='word_1_70' title='bbox 1253 1057 1560 1104; x_wconf 89' lang='lat' dir='ltr'><strong>veneratione</strong></span> <span class='ocrx_word' id='word_1_71' title='bbox 1586 1065 1810 1120; x_wconf 87' lang='lat' dir='ltr'><strong>reportat.</strong></span> <span class='ocrx_word' id='word_1_72' title='bbox 1844 1059 1912 1101; x_wconf 84' lang='lat' dir='ltr'><strong>Ex</strong></span> 
     </span>
     <span class='ocr_line' id='line_1_11' title="bbox 486 1132 1910 1199; baseline -0.001 -18"><span class='ocrx_word' id='word_1_73' title='bbox 486 1151 582 1199; x_wconf 92' lang='lat' dir='ltr'><strong>qua</strong></span> <span class='ocrx_word' id='word_1_74' title='bbox 606 1151 770 1181; x_wconf 89' lang='lat' dir='ltr'><strong>rursus</strong></span> <span class='ocrx_word' id='word_1_75' title='bbox 788 1151 899 1181; x_wconf 93' lang='lat' dir='ltr'><strong>cum</strong></span> <span class='ocrx_word' id='word_1_76' title='bbox 916 1144 1037 1181; x_wconf 87' lang='lat' dir='ltr'><strong>esset</strong></span> <span class='ocrx_word' id='word_1_77' title='bbox 1052 1143 1326 1199; x_wconf 87' lang='lat' dir='ltr'><strong>perunctus,</strong></span> <span class='ocrx_word' id='word_1_78' title='bbox 1347 1134 1567 1199; x_wconf 89' lang='lat' dir='ltr'><strong>protinus</strong></span> <span class='ocrx_word' id='word_1_79' title='bbox 1585 1134 1742 1180; x_wconf 89' lang='lat' dir='ltr'><strong>omnis</strong></span> <span class='ocrx_word' id='word_1_80' title='bbox 1765 1132 1910 1179; x_wconf 89' lang='lat' dir='ltr'><strong>ardor</strong></span> 
     </span>
     <span class='ocr_line' id='line_1_12' title="bbox 485 1210 1910 1276; baseline -0.001 -17"><span class='ocrx_word' id='word_1_81' title='bbox 485 1213 664 1276; x_wconf 89' lang='lat' dir='ltr'><strong>quievit</strong></span> <span class='ocrx_word' id='word_1_82' title='bbox 695 1212 1020 1271; x_wconf 86' lang='lat' dir='ltr'><strong>incommodi,</strong></span> <span class='ocrx_word' id='word_1_83' title='bbox 1055 1229 1144 1259; x_wconf 89' lang='lat' dir='ltr'><strong>nec</strong></span> <span class='ocrx_word' id='word_1_84' title='bbox 1182 1211 1243 1259; x_wconf 87' lang='lat' dir='ltr'><strong>ab</strong></span> <span class='ocrx_word' id='word_1_85' title='bbox 1279 1212 1448 1258; x_wconf 89' lang='lat' dir='ltr'><strong>eodem</strong></span> <span class='ocrx_word' id='word_1_86' title='bbox 1486 1210 1609 1258; x_wconf 90' lang='lat' dir='ltr'><strong>ultra</strong></span> <span class='ocrx_word' id='word_1_87' title='bbox 1639 1210 1910 1258; x_wconf 88' lang='lat' dir='ltr'><strong>confractus</strong></span> 
     </span>
     <span class='ocr_line' id='line_1_13' title="bbox 487 1288 1909 1355; baseline -0.001 -19"><span class='ocrx_word' id='word_1_88' title='bbox 487 1299 573 1337; x_wconf 90' lang='lat' dir='ltr'><strong>est.</strong></span> <span class='ocrx_word' id='word_1_89' title='bbox 616 1289 747 1347; x_wconf 88' lang='lat' dir='ltr'><strong>Quid</strong></span> <span class='ocrx_word' id='word_1_90' title='bbox 782 1289 924 1336; x_wconf 92' lang='lat' dir='ltr'><strong>etiam</strong></span> <span class='ocrx_word' id='word_1_91' title='bbox 954 1289 1015 1336; x_wconf 92' lang='lat' dir='ltr'><strong>de</strong></span> <span class='ocrx_word' id='word_1_92' title='bbox 1041 1290 1210 1337; x_wconf 90' lang='lat' dir='ltr'><strong>eadem</strong></span> <span class='ocrx_word' id='word_1_93' title='bbox 1242 1289 1452 1355; x_wconf 86' lang='lat' dir='ltr'><strong>ampulla</strong></span> <span class='ocrx_word' id='word_1_94' title='bbox 1476 1299 1583 1353; x_wconf 91' lang='lat' dir='ltr'><strong>post</strong></span> <span class='ocrx_word' id='word_1_95' title='bbox 1610 1288 1711 1336; x_wconf 90' lang='lat' dir='ltr'><strong>haec</strong></span> <span class='ocrx_word' id='word_1_96' title='bbox 1750 1298 1909 1335; x_wconf 87' lang='lat' dir='ltr'><strong>actum</strong></span> 
     </span>
     <span class='ocr_line' id='line_1_14' title="bbox 486 1366 1909 1432; baseline -0.001 -19"><span class='ocrx_word' id='word_1_97' title='bbox 486 1367 561 1426; x_wconf 90' lang='lat' dir='ltr'><strong>sit,</strong></span> <span class='ocrx_word' id='word_1_98' title='bbox 589 1383 688 1413; x_wconf 92' lang='lat' dir='ltr'><strong>non</strong></span> <span class='ocrx_word' id='word_1_99' title='bbox 724 1367 826 1413; x_wconf 90' lang='lat' dir='ltr'><strong>sine</strong></span> <span class='ocrx_word' id='word_1_100' title='bbox 858 1367 988 1430; x_wconf 88' lang='lat' dir='ltr'><strong>gravi</strong></span> <span class='ocrx_word' id='word_1_101' title='bbox 1017 1367 1218 1432; x_wconf 84' lang='lat' dir='ltr'><strong>suspirio</strong></span> <span class='ocrx_word' id='word_1_102' title='bbox 1248 1377 1390 1431; x_wconf 88' lang='lat' dir='ltr'><strong>atque</strong></span> <span class='ocrx_word' id='word_1_103' title='bbox 1415 1366 1646 1414; x_wconf 88' lang='lat' dir='ltr'><strong>miraculo</strong></span> <span class='ocrx_word' id='word_1_104' title='bbox 1671 1383 1909 1413; x_wconf 85' lang='lat' dir='ltr'><strong>memora-</strong></span> 
     </span>
     <span class='ocr_line' id='line_1_15' title="bbox 488 1443 1908 1509; baseline -0.001 -18"><span class='ocrx_word' id='word_1_105' title='bbox 488 1461 609 1491; x_wconf 89' lang='lat' dir='ltr'><strong>mus.</strong></span> <span class='ocrx_word' id='word_1_106' title='bbox 639 1446 757 1489; x_wconf 92' lang='lat' dir='ltr'><strong>Nam</strong></span> <span class='ocrx_word' id='word_1_107' title='bbox 775 1460 886 1490; x_wconf 91' lang='lat' dir='ltr'><strong>cum</strong></span> <span class='ocrx_word' id='word_1_108' title='bbox 909 1443 957 1489; x_wconf 92' lang='lat' dir='ltr'><strong>in</strong></span> <span class='ocrx_word' id='word_1_109' title='bbox 978 1443 1202 1491; x_wconf 89' lang='lat' dir='ltr'><strong>antedicti</strong></span> <span class='ocrx_word' id='word_1_110' title='bbox 1228 1443 1486 1509; x_wconf 85' lang='lat' dir='ltr'><strong>hospitiolo</strong></span> <span class='ocrx_word' id='word_1_111' title='bbox 1510 1443 1570 1490; x_wconf 94' lang='lat' dir='ltr'><strong>de</strong></span> <span class='ocrx_word' id='word_1_112' title='bbox 1593 1444 1771 1508; x_wconf 88' lang='lat' dir='ltr'><strong>pariete</strong></span> <span class='ocrx_word' id='word_1_113' title='bbox 1792 1460 1908 1508; x_wconf 89' lang='lat' dir='ltr'><strong>pen·</strong></span> 
     </span>
     <span class='ocr_line' id='line_1_16' title="bbox 485 1521 1905 1586; baseline -0.001 -17"><span class='ocrx_word' id='word_1_114' title='bbox 485 1522 642 1581; x_wconf 84' lang='lat' dir='ltr'><strong>deret,</strong></span> <span class='ocrx_word' id='word_1_115' title='bbox 683 1521 1037 1568; x_wconf 83' lang='lat' dir='ltr'><strong>incursantibus</strong></span> <span class='ocrx_word' id='word_1_116' title='bbox 1074 1521 1257 1569; x_wconf 83' lang='lat' dir='ltr'><strong>insidiis</strong></span> <span class='ocrx_word' id='word_1_117' title='bbox 1300 1523 1508 1581; x_wconf 90' lang='lat' dir='ltr'><strong>inimici,</strong></span> <span class='ocrx_word' id='word_1_118' title='bbox 1553 1537 1774 1586; x_wconf 89' lang='lat' dir='ltr'><strong>percussa</strong></span> <span class='ocrx_word' id='word_1_119' title='bbox 1819 1531 1905 1581; x_wconf 89' lang='lat' dir='ltr'><strong>est,</strong></span> 
     </span>
     <span class='ocr_line' id='line_1_17' title="bbox 486 1599 1906 1664; baseline -0.001 -17"><span class='ocrx_word' id='word_1_120' title='bbox 486 1610 627 1664; x_wconf 90' lang='lat' dir='ltr'><strong>atque</strong></span> <span class='ocrx_word' id='word_1_121' title='bbox 651 1600 697 1646; x_wconf 93' lang='lat' dir='ltr'><strong>in</strong></span> <span class='ocrx_word' id='word_1_122' title='bbox 720 1600 867 1647; x_wconf 89' lang='lat' dir='ltr'><strong>frusta</strong></span> <span class='ocrx_word' id='word_1_123' title='bbox 889 1599 1067 1647; x_wconf 86' lang='lat' dir='ltr'><strong>decidit</strong></span> <span class='ocrx_word' id='word_1_124' title='bbox 1090 1601 1404 1660; x_wconf 83' lang='lat' dir='ltr'><strong>comminuta,</strong></span> <span class='ocrx_word' id='word_1_125' title='bbox 1425 1600 1724 1662; x_wconf 86' lang='lat' dir='ltr'><strong>effusumque</strong></span> <span class='ocrx_word' id='word_1_126' title='bbox 1748 1599 1906 1646; x_wconf 87' lang='lat' dir='ltr'><strong>oleum</strong></span> 
     </span>
     <span class='ocr_line' id='line_1_18' title="bbox 487 1676 1904 1741; baseline -0.001 -18"><span class='ocrx_word' id='word_1_127' title='bbox 487 1677 710 1723; x_wconf 90' lang='lat' dir='ltr'><strong>velociter</strong></span> <span class='ocrx_word' id='word_1_128' title='bbox 752 1687 876 1724; x_wconf 90' lang='lat' dir='ltr'><strong>terra</strong></span> <span class='ocrx_word' id='word_1_129' title='bbox 915 1676 1181 1724; x_wconf 87' lang='lat' dir='ltr'><strong>absorbuit.</strong></span> <span class='ocrx_word' id='word_1_130' title='bbox 1226 1680 1402 1724; x_wconf 87' lang='lat' dir='ltr'><strong>Tamen</strong></span> <span class='ocrx_word' id='word_1_131' title='bbox 1444 1694 1561 1741; x_wconf 90' lang='lat' dir='ltr'><strong>puer</strong></span> <span class='ocrx_word' id='word_1_132' title='bbox 1602 1677 1685 1740; x_wconf 91' lang='lat' dir='ltr'><strong>qui</strong></span> <span class='ocrx_word' id='word_1_133' title='bbox 1726 1676 1904 1735; x_wconf 88' lang='lat' dir='ltr'><strong>aderat,</strong></span> 
     </span>
     <span class='ocr_line' id='line_1_19' title="bbox 484 1754 1907 1819; baseline -0.001 -18"><span class='ocrx_word' id='word_1_134' title='bbox 484 1771 594 1801; x_wconf 89' lang='lat' dir='ltr'><strong>cum</strong></span> <span class='ocrx_word' id='word_1_135' title='bbox 617 1755 811 1801; x_wconf 86' lang='lat' dir='ltr'><strong>vidisset</strong></span> <span class='ocrx_word' id='word_1_136' title='bbox 846 1754 1051 1815; x_wconf 83' lang='lat' dir='ltr'><strong>factum,</strong></span> <span class='ocrx_word' id='word_1_137' title='bbox 1078 1766 1274 1819; x_wconf 86' lang='lat' dir='ltr'><strong>accepto</strong></span> <span class='ocrx_word' id='word_1_138' title='bbox 1306 1754 1497 1802; x_wconf 86' lang='lat' dir='ltr'><strong>vasculo</strong></span> <span class='ocrx_word' id='word_1_139' title='bbox 1516 1792 1528 1815; x_wconf 91' lang='lat'><strong>,</strong></span> <span class='ocrx_word' id='word_1_140' title='bbox 1556 1755 1710 1819; x_wconf 89' lang='lat' dir='ltr'><strong>ipsam</strong></span> <span class='ocrx_word' id='word_1_141' title='bbox 1734 1766 1907 1801; x_wconf 85' lang='lat' dir='ltr'><strong>terram</strong></span> 
     </span>
     <span class='ocr_line' id='line_1_20' title="bbox 483 1831 1907 1896; baseline 0.001 -19"><span class='ocrx_word' id='word_1_142' title='bbox 483 1831 753 1896; x_wconf 85' lang='lat' dir='ltr'><strong>exprimens</strong></span> <span class='ocrx_word' id='word_1_143' title='bbox 770 1847 1028 1896; x_wconf 88' lang='lat' dir='ltr'><strong>parumper</strong></span> <span class='ocrx_word' id='word_1_144' title='bbox 1045 1832 1135 1878; x_wconf 92' lang='lat' dir='ltr'><strong>olei</strong></span> <span class='ocrx_word' id='word_1_145' title='bbox 1155 1833 1333 1892; x_wconf 89' lang='lat' dir='ltr'><strong>elicuit,</strong></span> <span class='ocrx_word' id='word_1_146' title='bbox 1357 1848 1611 1895; x_wconf 88' lang='lat' dir='ltr'><strong>rosamque</strong></span> <span class='ocrx_word' id='word_1_147' title='bbox 1636 1847 1742 1895; x_wconf 84' lang='lat' dir='ltr'><strong>quae</strong></span> <span class='ocrx_word' id='word_1_148' title='bbox 1758 1832 1907 1879; x_wconf 86' lang='lat' dir='ltr'><strong>effusa</strong></span> 
     </span>
     <span class='ocr_line' id='line_1_21' title="bbox 484 1908 1903 1974; baseline 0.001 -19"><span class='ocrx_word' id='word_1_149' title='bbox 484 1909 635 1956; x_wconf 88' lang='lat' dir='ltr'><strong>suerat</strong></span> <span class='ocrx_word' id='word_1_150' title='bbox 654 1946 666 1969; x_wconf 89' lang='lat'><strong>,</strong></span> <span class='ocrx_word' id='word_1_151' title='bbox 698 1926 810 1955; x_wconf 91' lang='lat' dir='ltr'><strong>cum</strong></span> <span class='ocrx_word' id='word_1_152' title='bbox 843 1909 1038 1956; x_wconf 83' lang='lat' dir='ltr'><strong>effracto</strong></span> <span class='ocrx_word' id='word_1_153' title='bbox 1061 1910 1185 1957; x_wconf 86' lang='lat' dir='ltr'><strong>vitro</strong></span> <span class='ocrx_word' id='word_1_154' title='bbox 1214 1910 1472 1974; x_wconf 90' lang='lat' dir='ltr'><strong>colligens,</strong></span> <span class='ocrx_word' id='word_1_155' title='bbox 1501 1908 1642 1956; x_wconf 91' lang='lat' dir='ltr'><strong>nobis</strong></span> <span class='ocrx_word' id='word_1_156' title='bbox 1671 1908 1903 1956; x_wconf 78' lang='lat' dir='ltr'><strong>exhibuit.</strong></span> 
     </span>
     <span class='ocr_line' id='line_1_22' title="bbox 485 1986 1907 2051; baseline 0.001 -19"><span class='ocrx_word' id='word_1_157' title='bbox 485 1986 630 2043; x_wconf 90' lang='lat' dir='ltr'><strong>Quod</strong></span> <span class='ocrx_word' id='word_1_158' title='bbox 654 2003 742 2049; x_wconf 86' lang='lat' dir='ltr'><strong>ego</strong></span> <span class='ocrx_word' id='word_1_159' title='bbox 766 1987 1030 2051; x_wconf 87' lang='lat' dir='ltr'><strong>accipiens,</strong></span> <span class='ocrx_word' id='word_1_160' title='bbox 1063 1988 1314 2051; x_wconf 87' lang='lat' dir='ltr'><strong>diligenter</strong></span> <span class='ocrx_word' id='word_1_161' title='bbox 1349 1988 1398 2034; x_wconf 93' lang='lat' dir='ltr'><strong>in</strong></span> <span class='ocrx_word' id='word_1_162' title='bbox 1428 1987 1671 2034; x_wconf 83' lang='lat' dir='ltr'><strong>vasculum</strong></span> <span class='ocrx_word' id='word_1_163' title='bbox 1706 1986 1907 2033; x_wconf 89' lang='lat' dir='ltr'><strong>alterum</strong></span> 
     </span>
     <span class='ocr_line' id='line_1_23' title="bbox 486 2064 1908 2128; baseline 0.001 -19"><span class='ocrx_word' id='word_1_164' title='bbox 486 2065 813 2111; x_wconf 86' lang='lat' dir='ltr'><strong>transmutavi.</strong></span> <span class='ocrx_word' id='word_1_165' title='bbox 848 2067 958 2110; x_wconf 90' lang='lat' dir='ltr'><strong>Erat</strong></span> <span class='ocrx_word' id='word_1_166' title='bbox 996 2066 1124 2111; x_wconf 91' lang='lat' dir='ltr'><strong>enim</strong></span> <span class='ocrx_word' id='word_1_167' title='bbox 1161 2082 1384 2121; x_wconf 87' lang='lat' dir='ltr'><strong>mensura</strong></span> <span class='ocrx_word' id='word_1_168' title='bbox 1424 2064 1517 2111; x_wconf 91' lang='lat' dir='ltr'><strong>olei</strong></span> <span class='ocrx_word' id='word_1_169' title='bbox 1554 2065 1689 2128; x_wconf 90' lang='lat' dir='ltr'><strong>quasi</strong></span> <span class='ocrx_word' id='word_1_170' title='bbox 1722 2065 1908 2111; x_wconf 90' lang='lat' dir='ltr'><strong>dimidii</strong></span> 
     </span>
     <span class='ocr_line' id='line_1_24' title="bbox 486 2140 1905 2206; baseline 0.003 -21"><span class='ocrx_word' id='word_1_171' title='bbox 486 2140 644 2186; x_wconf 88' lang='lat' dir='ltr'><strong>calicis</strong></span> <span class='ocrx_word' id='word_1_172' title='bbox 665 2141 846 2204; x_wconf 78' lang='lat' dir='ltr'><strong>parvuli</strong></span> <span class='ocrx_word' id='word_1_173' title='bbox 869 2159 878 2187; x_wconf 92' lang='lat'>:</span> <span class='ocrx_word' id='word_1_174' title='bbox 898 2150 943 2187; x_wconf 84' lang='lat' dir='ltr'><strong>et</strong></span> <span class='ocrx_word' id='word_1_175' title='bbox 957 2151 1114 2188; x_wconf 86' lang='lat' dir='ltr'><strong>tamen</strong></span> <span class='ocrx_word' id='word_1_176' title='bbox 1134 2143 1182 2188; x_wconf 91' lang='lat' dir='ltr'><strong>in</strong></span> <span class='ocrx_word' id='word_1_177' title='bbox 1209 2142 1402 2189; x_wconf 88' lang='lat' dir='ltr'><strong>vasculo</strong></span> <span class='ocrx_word' id='word_1_178' title='bbox 1421 2141 1628 2188; x_wconf 90' lang='lat' dir='ltr'><strong>duorum</strong></span> <span class='ocrx_word' id='word_1_179' title='bbox 1648 2141 1905 2206; x_wconf 81' lang='lat' dir='ltr'><strong>digitorum</strong></span> 
     </span>
     <span class='ocr_line' id='line_1_25' title="bbox 488 2216 1905 2284; baseline 0.003 -22"><span class='ocrx_word' id='word_1_180' title='bbox 488 2225 671 2263; x_wconf 89' lang='lat' dir='ltr'><strong>tantum</strong></span> <span class='ocrx_word' id='word_1_181' title='bbox 696 2216 992 2264; x_wconf 85' lang='lat' dir='ltr'><strong>altitudinem</strong></span> <span class='ocrx_word' id='word_1_182' title='bbox 1034 2218 1157 2266; x_wconf 89' lang='lat' dir='ltr'><strong>fecit.</strong></span> <span class='ocrx_word' id='word_1_183' title='bbox 1199 2222 1249 2265; x_wconf 92' lang='lat' dir='ltr'><strong>In</strong></span> <span class='ocrx_word' id='word_1_184' title='bbox 1284 2219 1491 2266; x_wconf 81' lang='lat' dir='ltr'><strong>crastino</strong></span> <span class='ocrx_word' id='word_1_185' title='bbox 1524 2228 1684 2266; x_wconf 88' lang='lat' dir='ltr'><strong>autem</strong></span> <span class='ocrx_word' id='word_1_186' title='bbox 1721 2221 1905 2284; x_wconf 82' lang='lat' dir='ltr'><strong>prospi-</strong></span> 
     </span>
     <span class='ocr_line' id='line_1_26' title="bbox 487 2293 1900 2360; baseline 0.004 -22"><span class='ocrx_word' id='word_1_187' title='bbox 487 2293 649 2350; x_wconf 81' lang='lat' dir='ltr'><strong>ciens,</strong></span> <span class='ocrx_word' id='word_1_188' title='bbox 690 2303 789 2339; x_wconf 80' lang='lat' dir='ltr'><strong>erat</strong></span> <span class='ocrx_word' id='word_1_189' title='bbox 829 2293 1030 2340; x_wconf 88' lang='lat' dir='ltr'><strong>altitudo</strong></span> <span class='ocrx_word' id='word_1_190' title='bbox 1070 2295 1163 2341; x_wconf 87' lang='lat' dir='ltr'><strong>olei</strong></span> <span class='ocrx_word' id='word_1_191' title='bbox 1205 2297 1339 2360; x_wconf 89' lang='lat' dir='ltr'><strong>quasi</strong></span> <span class='ocrx_word' id='word_1_192' title='bbox 1383 2306 1589 2359; x_wconf 88' lang='lat' dir='ltr'><strong>quatuor</strong></span> <span class='ocrx_word' id='word_1_193' title='bbox 1624 2296 1900 2359; x_wconf 86' lang='lat' dir='ltr'><strong>digitorum.</strong></span> 
     </span>
     <span class='ocr_line' id='line_1_27' title="bbox 487 2370 1905 2437; baseline 0.004 -21"><span class='ocrx_word' id='word_1_194' title='bbox 487 2370 852 2434; x_wconf 87' lang='lat' dir='ltr'><strong>Obstupefactus</strong></span> <span class='ocrx_word' id='word_1_195' title='bbox 886 2388 973 2434; x_wconf 88' lang='lat' dir='ltr'><strong>ego</strong></span> <span class='ocrx_word' id='word_1_196' title='bbox 1012 2372 1075 2418; x_wconf 92' lang='lat' dir='ltr'><strong>ob</strong></span> <span class='ocrx_word' id='word_1_197' title='bbox 1114 2373 1335 2419; x_wconf 86' lang='lat' dir='ltr'><strong>virtutem</strong></span> <span class='ocrx_word' id='word_1_198' title='bbox 1371 2374 1518 2420; x_wconf 82' lang='lat' dir='ltr'><strong>sancti</strong></span> <span class='ocrx_word' id='word_1_199' title='bbox 1556 2374 1771 2437; x_wconf 89' lang='lat' dir='ltr'><strong>liquoris,</strong></span> <span class='ocrx_word' id='word_1_200' title='bbox 1811 2374 1905 2422; x_wconf 84' lang='lat' dir='ltr'><strong>hoc</strong></span> 
     </span>
     <span class='ocr_line' id='line_1_28' title="bbox 486 2448 1898 2516; baseline 0.004 -22"><span class='ocrx_word' id='word_1_201' title='bbox 486 2448 729 2511; x_wconf 89' lang='lat' dir='ltr'><strong>signaculo</strong></span> <span class='ocrx_word' id='word_1_202' title='bbox 776 2465 884 2495; x_wconf 90' lang='lat' dir='ltr'><strong>meo</strong></span> <span class='ocrx_word' id='word_1_203' title='bbox 926 2451 1164 2497; x_wconf 88' lang='lat' dir='ltr'><strong>munitum</strong></span> <span class='ocrx_word' id='word_1_204' title='bbox 1206 2461 1347 2515; x_wconf 88' lang='lat' dir='ltr'><strong>atque</strong></span> <span class='ocrx_word' id='word_1_205' title='bbox 1390 2462 1672 2516; x_wconf 91' lang='lat' dir='ltr'><strong>coopertum</strong></span> <span class='ocrx_word' id='word_1_206' title='bbox 1713 2452 1898 2516; x_wconf 89' lang='lat' dir='ltr'><strong>reliqui.</strong></span> 
     </span>
     <span class='ocr_line' id='line_1_29' title="bbox 488 2524 1900 2594; baseline 0.004 -24"><span class='ocrx_word' id='word_1_207' title='bbox 488 2527 600 2571; x_wconf 90' lang='lat' dir='ltr'><strong>Post</strong></span> <span class='ocrx_word' id='word_1_208' title='bbox 625 2524 726 2571; x_wconf 90' lang='lat' dir='ltr'><strong>dies</strong></span> <span class='ocrx_word' id='word_1_209' title='bbox 764 2536 924 2572; x_wconf 86' lang='lat' dir='ltr'><strong>autem</strong></span> <span class='ocrx_word' id='word_1_210' title='bbox 957 2537 1137 2591; x_wconf 87' lang='lat' dir='ltr'><strong>septem</strong></span> <span class='ocrx_word' id='word_1_211' title='bbox 1167 2529 1335 2575; x_wconf 89' lang='lat' dir='ltr'><strong>iterum</strong></span> <span class='ocrx_word' id='word_1_212' title='bbox 1363 2530 1682 2593; x_wconf 89' lang='lat' dir='ltr'><strong>prospiciens,</strong></span> <span class='ocrx_word' id='word_1_213' title='bbox 1706 2529 1813 2594; x_wconf 86' lang='lat' dir='ltr'><strong>plus</strong></span> <span class='ocrx_word' id='word_1_214' title='bbox 1836 2530 1900 2577; x_wconf 88' lang='lat' dir='ltr'><strong>ibi</strong></span> 
     </span>
     <span class='ocr_line' id='line_1_30' title="bbox 485 2605 1901 2670; baseline 0.005 -23"><span class='ocrx_word' id='word_1_215' title='bbox 485 2618 631 2665; x_wconf 89' lang='lat' dir='ltr'><strong>quam</strong></span> <span class='ocrx_word' id='word_1_216' title='bbox 660 2619 809 2648; x_wconf 89' lang='lat' dir='ltr'><strong>unum</strong></span> <span class='ocrx_word' id='word_1_217' title='bbox 842 2605 1096 2651; x_wconf 87' lang='lat' dir='ltr'><strong>sextarium</strong></span> <span class='ocrx_word' id='word_1_218' title='bbox 1125 2606 1296 2670; x_wconf 90' lang='lat' dir='ltr'><strong>reperi.</strong></span> <span class='ocrx_word' id='word_1_219' title='bbox 1333 2606 1582 2654; x_wconf 87' lang='lat' dir='ltr'><strong>Advocans</strong></span> <span class='ocrx_word' id='word_1_220' title='bbox 1611 2617 1771 2655; x_wconf 90' lang='lat' dir='ltr'><strong>autem</strong></span> <span class='ocrx_word' id='word_1_221' title='bbox 1802 2608 1901 2654; x_wconf 85' lang='lat' dir='ltr'><strong>dia-</strong></span> 
     </span>
     <span class='ocr_line' id='line_1_31' title="bbox 485 2679 1899 2732; baseline 0.005 -8"><span class='ocrx_word' id='word_1_222' title='bbox 485 2694 657 2725; x_wconf 90' lang='lat' dir='ltr'><strong>conem</strong></span> <span class='ocrx_word' id='word_1_223' title='bbox 679 2689 728 2725; x_wconf 89' lang='lat' dir='ltr'><strong>et</strong></span> <span class='ocrx_word' id='word_1_224' title='bbox 749 2679 844 2727; x_wconf 90' lang='lat' dir='ltr'><strong>hoc</strong></span> <span class='ocrx_word' id='word_1_225' title='bbox 869 2681 910 2726; x_wconf 90' lang='lat' dir='ltr'><strong>ei</strong></span> <span class='ocrx_word' id='word_1_226' title='bbox 945 2682 1202 2729; x_wconf 85' lang='lat' dir='ltr'><strong>ostendens</strong></span> <span class='ocrx_word' id='word_1_227' title='bbox 1221 2683 1507 2731; x_wconf 84' lang='lat' dir='ltr'><strong>admirabar.</strong></span> <span class='ocrx_word' id='word_1_228' title='bbox 1534 2684 1613 2732; x_wconf 83' lang='lat' dir='ltr'><strong>tlte</strong></span> <span class='ocrx_word' id='word_1_229' title='bbox 1637 2702 1749 2732; x_wconf 85' lang='lat' dir='ltr'><strong>vero</strong></span> <span class='ocrx_word' id='word_1_230' title='bbox 1773 2685 1899 2731; x_wconf 83' lang='lat' dir='ltr'><strong>affir-</strong></span> 
     </span>
     <span class='ocr_line' id='line_1_32' title="bbox 487 2755 1898 2828; baseline 0.006 -27"><span class='ocrx_word' id='word_1_231' title='bbox 487 2755 647 2803; x_wconf 87' lang='lat' dir='ltr'><strong>mabat</strong></span> <span class='ocrx_word' id='word_1_232' title='bbox 660 2756 1072 2820; x_wconf 87' lang='lat' dir='ltr'><strong>cumjuramento‚</strong></span> <span class='ocrx_word' id='word_1_233' title='bbox 1093 2769 1277 2807; x_wconf 88' lang='lat' dir='ltr'><strong>tantum</strong></span> <span class='ocrx_word' id='word_1_234' title='bbox 1296 2770 1408 2807; x_wconf 89' lang='lat' dir='ltr'><strong>tunc</strong></span> <span class='ocrx_word' id='word_1_235' title='bbox 1427 2762 1475 2808; x_wconf 90' lang='lat' dir='ltr'><strong>in</strong></span> <span class='ocrx_word' id='word_1_236' title='bbox 1495 2762 1689 2809; x_wconf 84' lang='lat' dir='ltr'><strong>effracta</strong></span> <span class='ocrx_word' id='word_1_237' title='bbox 1706 2763 1898 2828; x_wconf 87' lang='lat' dir='ltr'><strong>periisse</strong></span> 
     </span>
     <span class='ocr_line' id='line_1_33' title="bbox 482 2832 1899 2904; baseline 0.006 -26"><span class='ocrx_word' id='word_1_238' title='bbox 482 2832 706 2897; x_wconf 89' lang='lat' dir='ltr'><strong>ampulla,</strong></span> <span class='ocrx_word' id='word_1_239' title='bbox 734 2844 968 2897; x_wconf 90' lang='lat' dir='ltr'><strong>quantum</strong></span> <span class='ocrx_word' id='word_1_240' title='bbox 989 2846 1101 2882; x_wconf 90' lang='lat' dir='ltr'><strong>tunc</strong></span> <span class='ocrx_word' id='word_1_241' title='bbox 1120 2837 1167 2883; x_wconf 90' lang='lat' dir='ltr'><strong>in</strong></span> <span class='ocrx_word' id='word_1_242' title='bbox 1192 2837 1276 2885; x_wconf 86' lang='lat' dir='ltr'><strong>ista</strong></span> <span class='ocrx_word' id='word_1_243' title='bbox 1296 2849 1584 2886; x_wconf 87' lang='lat' dir='ltr'><strong>cerneretur.</strong></span> <span class='ocrx_word' id='word_1_244' title='bbox 1612 2843 1729 2897; x_wconf 86' lang='lat' dir='ltr'><strong>Quae</strong></span> <span class='ocrx_word' id='word_1_245' title='bbox 1752 2857 1899 2904; x_wconf 89' lang='lat' dir='ltr'><strong>usque</strong></span> 
     </span>
    </p>
   </div>
  </div>
 </body>
</html>
