2028 3458
471 279 520 314 16
691 278 758 314 DE
786 276 1078 314 VIRTU'nBUS
1107 276 1279 314 SANCTI
1308 275 1530 313 MARTINI.
1554 296 1605 302 —
1624 275 1657 312 Ι.

471 364 713 430 particulae
734 380 763 412 a
783 364 931 412 sancti
951 361 1129 427 templo
1153 362 1337 411 delatae.
1366 364 1485 420 Quae
1507 372 1696 427 reperta
1714 372 1762 410 et
1787 364 1886 428 igni

469 441 664 505 inJecta,
696 441 915 507 protinus
948 449 1179 487 cunctum
1211 440 1430 486 restinxit
1462 439 1767 502 incendium,
1794 458 1884 488 no-

470 534 628 581 voque
663 519 892 566 miraculo
930 532 1055 578 cera,
1082 533 1189 581 quae
1223 517 1384 581 ignem
1416 517 1543 564 alere
1578 528 1681 565 erat
1715 517 1883 577 solita,

470 596 743 644 violentiam
768 596 890 660 ignis
909 596 955 642 vi
979 596 1238 642 sanctitatis
1261 596 1513 660 oppressit.
1534 598 1644 643 Haec
1662 596 1885 643 Paulinus

470 675 516 720 in
540 684 671 722 sexto
702 673 860 738 operis
885 673 959 719 sui
981 672 1104 719 libro
1131 689 1270 719 versu
1293 674 1600 738 conscripsit,
1627 683 1824 739 accepto
1859 690 1887 720 a

469 761 632 798 sancto
651 753 882 814 Perpetuo
899 750 1128 815 episcopo
1146 749 1206 796 de
1225 749 1299 797 his
1311 749 1544 798 indiculo.
1558 753 1756 811 Verum,
1773 768 1885 798 cum

468 828 529 875 ad
562 844 673 875 eum
702 826 844 891 huji1s
880 826 1079 874 indiculi
1119 826 1283 874 charta
1322 827 1549 888 venisset,
1595 845 1749 894 nepos
1783 829 1886 892 ejus

468 906 597 968 gravi
618 904 869 952 tenebatur
887 904 1236 952 incommodo.
1274 908 1332 952 At
1366 905 1444 952 ille
1468 905 1678 953 confisus
1713 906 1764 953 in
1790 906 1887 952 vir—

467 992 566 1030 tute
588 984 738 1030 sancti
766 1001 775 1029 ε
809 1002 831 1027 α
862 983 911 1029 Si
937 982 1045 1044 tibi,
1074 983 1254 1047 inquit,
1280 983 1464 1049 placet,
1493 983 1631 1031 beate
1657 983 1883 1045 Mai-tine,

469 1070 520 1107 ut
543 1059 725 1125 aliquid
759 1061 808 1107 in
838 1070 918 1107 tua
949 1060 1092 1108 laude
1125 1061 1447 1124 conscribam,
1485 1072 1713 1128 appareat
1743 1077 1888 1126 super

466 1136 595 1185 hunc
628 1137 892 1185 infirmum.
925 1159 947 1181 n
975 1139 1298 1203 Impositaque
1333 1139 1498 1187 charta
1534 1140 1718 1205 pectori
1752 1139 1884 1202 ejus,

467 1216 705 1280 extemplo
731 1215 982 1263 recedente
1006 1215 1138 1263 febre
1171 1226 1364 1264 sanatus
1392 1227 1463 1264 est
1487 1218 1571 1282 qui
1603 1227 1705 1265 erat
1735 1233 1886 1280 aegro-

469 1303 558 1340 tus.
587 1294 680 1342 Sed
699 1304 745 1341 et
765 1298 1052 1341 Fortunatus
1074 1294 1323 1360 presbyter
1340 1311 1485 1342 omne
1502 1311 1626 1360 opus
1644 1295 1763 1342 Vitae
1785 1295 1887 1358 ejus

467 1371 515 1417 in
541 1382 746 1436 quatuor
772 1372 904 1419 libris
927 1389 1069 1419 versu
1096 1373 1397 1438 conscripsit.
1426 1374 1509 1420 His
1534 1390 1625 1420 nos
1658 1371 1887 1437 exemplis

467 1449 625 1510 illecti,
652 1451 737 1498 etsi
765 1451 968 1516 imperiti
1004 1450 1295 1499 tentabimus
1322 1461 1483 1499 tamen
1516 1451 1675 1515 aliqua
1707 1450 1768 1496 de
1790 1450 1887 1495 vir-

467 1527 646 1575 tutibus
666 1530 815 1575 sancti
834 1538 880 1575 et
904 1527 1162 1576 beatissimi
1177 1529 1385 1589 Martini,
1412 1545 1518 1593 quae
1533 1538 1644 1593 post
1662 1528 1764 1591 ejus
1781 1526 1887 1574 obi-

469 1613 569 1651 tum
587 1615 700 1652 actae
720 1615 846 1666 sunt,
866 1615 1100 1669 quantum
1117 1606 1332 1653 invenire
1349 1622 1621 1671 possumus,
1642 1604 1886 1651 memoriae

468 1682 693 1747 replicare
724 1702 734 1730 ε
760 1683 873 1747 quia
897 1683 992 1730 hoc
1026 1684 1116 1731 erit
1138 1682 1379 1730 scribendi
1413 1682 1647 1744 studium,
1675 1681 1811 1746 quod
1835 1681 1884 1727 in

466 1762 547 1810 illo
570 1763 729 1810 Severi
751 1773 834 1810 aut
857 1763 1042 1810 Paulini
1066 1779 1213 1828 opere
1236 1779 1338 1810 non
1362 1762 1604 1823 invenitur
1633 1761 1881 1807 insertum.

1043 1943 1202 1979 CAPUT
1231 1944 1301 1979 111.

778 2048 830 2081 De
847 2047 1070 2083 ordinatione
1088 2055 1121 2083 et
1138 2047 1290 2084 transitu
1306 2045 1400 2081 beati
1415 2045 1575 2081 Martini.

536 2148 739 2195 Lucidus
779 2160 826 2196 et
864 2160 966 2196 toto
1003 2150 1124 2198 orbe
1153 2151 1365 2199 renitens
1404 2149 1640 2214 gloriosus
1674 2149 1882 2197 domnus

469 2227 723 2288 Martinus,
757 2228 1019 2277 decedente
1037 2231 1136 2294 jam
1162 2230 1347 2277 mundo
1370 2230 1443 2277 sol
1466 2246 1624 2277 novus
1644 2230 1882 2286 exoriens,

470 2306 588 2351 sicut
614 2308 824 2354 anterior
846 2319 1006 2356 narrat
1029 2310 1254 2368 Historia,
1276 2309 1409 2374 apud
1430 2308 1675 2356 Sabariam
1699 2310 1888 2353 Panno-

471 2382 559 2428 niae
582 2393 733 2441 ortus,
758 2385 817 2431 ad
842 2386 1150 2434 salvationem
1175 2387 1452 2443 Galliarum,
1479 2385 1744 2450 opitulante
1763 2387 1881 2444 Deo,

471 2459 702 2522 dirigitur.
728 2464 859 2519 Quas
879 2456 1136 2512 ‘virtutibus
1160 2481 1214 2513 ac
1236 2465 1380 2528 signis
1404 2463 1665 2522 illustrans,
1696 2461 1744 2507 in
1768 2460 1887 2508 urbe

470 2538 704 2585 Turonica
738 2540 1037 2605 episcopatus
1071 2541 1311 2590 honorem
1346 2542 1548 2599 invitus,
1590 2540 1772 2606 populo
1805 2555 1886 2585 co-

473 2625 628 2679 gente,
659 2619 862 2683 suscepit
884 2636 895 2664 :
928 2618 976 2665 in
1003 2637 1100 2684 quo
1125 2620 1382 2684 gloriosam
1405 2628 1452 2666 et
1475 2635 1598 2684 pene
1624 2617 1887 2665 inimitabi-

472 2692 566 2738 lem
589 2709 732 2758 agens
756 2695 918 2755 vitam,
948 2714 1034 2761 per
1055 2698 1383 2763 quinquennia
1413 2699 1628 2762 quinque
1656 2695 1728 2742 bis
1756 2695 1885 2741 insu—

472 2785 557 2835 per
580 2772 779 2833 geminis
799 2774 1041 2822 mensibus
1058 2792 1168 2823 cum
1194 2776 1361 2823 decem
1385 2774 1572 2837 diebus,
1593 2768 1887 2836 octogesimo
