2028 3458
461 262 536 299 410
830 262 895 297 DE
923 259 1115 297 GLORIA
1141 260 1509 298 CONFESSORUM.

424 373 430 382 ·
458 359 584 408 sunt,
612 349 659 394 in
685 347 857 411 quibus
888 346 1107 394 nonnulli
1133 348 1346 395 virorum
1372 359 1647 396 sanctorum
1677 365 1732 396 ae
1762 366 1877 397 mu·-

456 425 626 472 lierum
665 425 989 488 religiosarum
1020 424 1286 488 quiescunt.
1314 426 1454 472 Unde
1488 443 1585 473 non
1624 426 1878 490 ambigitur

457 519 538 549 eos
571 518 668 549 esse
691 501 1007 561 Christianos,
1036 502 1145 565 quia
1171 503 1282 566 ipsae
1311 501 1518 550 historiae
1548 505 1877 569 sepulcrorum

456 579 516 626 de
548 579 799 626 virtutibus
829 579 1021 626 Domini
1067 589 1114 626 et
1152 579 1480 643 apostolorum
1518 581 1618 644 ejus
1654 582 1878 646 expositae

455 666 581 702 sunt.
610 659 677 703 Eo
703 673 897 721 quoque
925 666 1158 721 tempore,
1192 673 1289 720 quo
1319 658 1551 720 Georgius
1572 658 1875 706 Vellavorum

454 733 568 779 civis
594 736 811 781 Arvernoe
835 733 963 780 urbis
987 734 1217 780 comitatu
1247 734 1561 798 potiebatur¹,
1589 751 1697 798 pars
1719 744 1876 782 trans-

455 811 711 857 volutionis
736 810 875 871 illius,
899 828 1005 876 quae
1022 828 1108 877 per
1128 811 1401 875 longinquae
1422 811 1615 858 incuriae
1635 812 1877 875 negligen-

453 889 566 935 tiam
599 888 771 954 pluviis
796 900 896 937 erat
919 889 1092 949 infusa,
1121 906 1264 955 super
1294 907 1446 937 unum
1476 889 1757 936 eorumdem
1782 905 1876 936 sar-

451 967 722 1032 cophagum
734 969 844 1026 ruit,
869 968 1262 1034 opertoriumque
1276 968 1376 1032 ejus
1390 967 1650 1033 impulsum
1668 967 1717 1014 in
1736 967 1877 1014 frusta

451 1046 734 1093 comminuit
760 1065 770 1092 ε
797 1047 846 1093 in
870 1062 968 1109 quo
992 1046 1212 1111 apparuit
1246 1046 1402 1110 puella
1431 1046 1610 1109 jacens,
1638 1045 1700 1091 ita
1724 1062 1875 1093 mem·

451 1123 547 1170 bris
589 1123 813 1170 omnibus
847 1123 1076 1184 solidata,
1122 1124 1257 1187 quasi
1299 1140 1452 1190 nuper
1483 1123 1544 1171 ab
1577 1124 1672 1170 hoc
1705 1125 1876 1171 saeculo

451 1201 611 1248 fuisset
634 1211 892 1266 assumpta.
918 1205 1037 1248 Nam
1063 1202 1204 1250 facies
1225 1218 1491 1264 manusque
1515 1202 1616 1264 ejus
1637 1218 1748 1248 cum
1775 1202 1878 1248 reli-

450 1279 556 1342 quis
577 1278 775 1326 artubus
797 1279 988 1342 integrae
1010 1288 1163 1338 erant,
1190 1296 1300 1326 cum
1324 1279 1504 1342 ingenti
1529 1279 1732 1326 caesariei
1766 1278 1873 1326 lon-

451 1355 680 1418 gitudine,
707 1355 791 1403 sed
814 1356 958 1403 credo
980 1373 1086 1404 eam
1107 1355 1401 1403 aromatibus
1427 1356 1564 1402 fuisse
1586 1355 1832 1403 conditam
1859 1374 1868 1401 ε

450 1431 782 1478 vestimentum
822 1442 1000 1488 autem,
1042 1431 1176 1496 quod
1211 1442 1340 1479 artus
1381 1432 1569 1495 tegebat
1609 1432 1868 1490 exanimeS,

450 1525 680 1572 aquarum
690 1510 736 1556 vi
750 1519 852 1556 erat
863 1509 1062 1556 illaesum
1075 1509 1305 1574 nullaque
1322 1510 1573 1574 putredine
1584 1509 1868 1568 resolutum,

449 1603 504 1634 ac
519 1588 765 1651 nigredine
784 1604 1070 1652 quacunque
1091 1587 1342 1635 fuscatum.
1369 1587 1494 1642 Quid
1520 1586 1689 1652 plura?
1707 1587 1771 1633 ita
1793 1603 1876 1652 ap-

450 1665 646 1730 parebat
685 1667 891 1731 integra,
936 1675 988 1712 ut
1024 1665 1268 1712 dormiens
1306 1666 1468 1730 potius
1503 1681 1648 1728 quam
1684 1674 1875 1712 mortua

449 1754 708 1808 putaretur.
743 1743 1068 1792 Autumabant
1096 1752 1256 1790 autem
1285 1743 1484 1808 quidam
1507 1740 1783 1789 nostrorum
1807 1742 1871 1789 ob

450 1821 708 1870 candorem
730 1822 992 1870 vestimenti
1014 1821 1269 1869 holoserici
1291 1822 1340 1868 in
1359 1820 1478 1868 albis
1492 1837 1597 1868 eam
1615 1821 1867 1868 transiisse.

450 1900 647 1947 Aiebant
663 1902 790 1948 enim
804 1900 1008 1948 annulos
1031 1899 1403 1964 murenulasque
1426 1915 1592 1946 aureas
1615 1899 1738 1946 circa
1763 1914 1868 1945 eam

450 1988 674 2043 repertaS,
694 1988 741 2025 et
762 1978 885 2026 clam
910 1995 971 2025 ne
993 1978 1247 2043 episcopus
1270 1977 1483 2035 sentiret,
1509 1976 1689 2023 ablatas
1709 1994 1719 2021 ε
1742 1975 1869 2023 nulla

448 2066 605 2102 tamen
628 2066 738 2102 aetas
773 2056 1001 2120 temporis
1024 2055 1173 2102 nostri
1196 2054 1330 2117 cujus
1362 2054 1536 2111 meriti,
1571 2053 1866 2116 generisque,

447 2142 530 2179 aut
560 2133 768 2179 nominis
791 2133 947 2193 fuerit,
977 2142 1057 2179 aut
1081 2133 1328 2198 opinione,
1355 2141 1436 2178 aut
1459 2131 1664 2178 lectione
1689 2147 1869 2194 cogno-

443 2210 526 2257 vit.
546 2213 673 2257 Dum
695 2219 855 2257 autem
876 2210 968 2257 hoc
989 2210 1332 2275 corpusculum
1355 2225 1441 2273 per
1460 2209 1572 2255 anni
1596 2209 1737 2255 unius
1754 2225 1863 2273 spa-

447 2288 567 2335 tium
590 2287 829 2335 detectum
849 2289 1046 2351 jaceret,
1073 2305 1162 2336 nec
1184 2297 1322 2344 esset,
1348 2287 1432 2350 qui
1457 2277 1674 2351 respectu
1694 2286 1868 2334 huma-

446 2366 605 2413 nitatis
631 2364 744 2412 huic
777 2365 1026 2414 adhiberet
1055 2366 1275 2431 sepulcro
1309 2375 1551 2428 tegumen,
1584 2364 1781 2427 contigit
1818 2373 1868 2410 ut

446 2460 566 2490 uxor
588 2444 812 2491 antedicti
835 2444 1022 2491 comitis
1043 2453 1151 2508 post
1173 2442 1359 2490 obitum
1376 2443 1463 2489 viri
1492 2442 1695 2507 graviter
1718 2457 1866 2505 aegro-

447 2530 582 2579 taret,
613 2537 668 2568 ac
693 2520 919 2568 diuturna
950 2520 1223 2568 valetudine
1264 2519 1474 2578 obtenta,
1512 2518 1763 2566 oculorum
1795 2518 1866 2564 lu-

448 2598 574 2646 mine
600 2598 922 2646 mulctaretur.
948 2601 1063 2656 Quae
1084 2598 1237 2646 laxata
1256 2615 1283 2645 a
1303 2597 1449 2657 febre,
1477 2607 1614 2645 vocat
1633 2596 1862 2653 medicos,

499 2796 552 2842 (1)
581 2794 844 2844 Vallavorum,
867 2796 985 2832 2204.
