2028 3458
477 269 554 305 290
674 268 738 302 DE
765 264 1058 302 VIRTUTIBUS
1087 262 1258 299 SANCTI
1287 262 1511 298 MARTINI.
1531 281 1583 287 ——
1604 261 1666 296 IV.

478 367 523 403 et
559 356 691 403 senio
724 362 1031 419 praegravata,
1066 350 1128 398 ad
1168 350 1432 397 oratorium
1463 348 1583 396 villae
1608 348 1753 412 ipsius
1781 349 1894 394 resi·

477 434 613 493 dens,
639 432 757 479 dum
780 432 952 496 stipem
973 427 1225 494 quaereret,
1252 445 1308 476 ac
1329 428 1516 476 assidue
1538 427 1685 474 sancti
1709 426 1896 473 Martini

478 526 653 557 nomen
676 510 945 567 invocaret,
970 505 1179 571 quadam
1210 514 1352 552 nocte
1383 505 1626 552 dominica
1650 512 1898 568 coeperunt

476 588 601 635 oculi
625 587 726 650 ejus
746 602 775 633 a
800 585 970 632 dolore
991 584 1270 649 compungi.
1304 586 1436 630 Tunc
1458 582 1535 630 illa
1565 591 1801 648 prostrata
1821 597 1898 627 co-

475 685 577 715 ram
599 675 764 714 sancto
788 665 951 724 altari,
979 673 1261 728 erumpente
1285 664 1539 739 sanguine,
1574 663 1737 710 lumen
1767 678 1897 708 rece-

476 747 559 811 pit.
590 748 929 792 Verumtamen
955 741 1164 806 reliquiae
1188 742 1235 788 in
1257 742 1361 806 ipso
1385 741 1494 789 loco
1514 741 1899 788 beatissimorum

475 823 823 887 apostolorum,
848 819 899 866 id
914 828 983 866 est
1007 819 1132 865 Petri
1154 829 1200 865 et
1226 818 1376 878 Pauli,
1404 818 1642 866 habentur
1663 835 1673 863 ε
1700 816 1781 864 sed
1800 817 1898 863 haec

475 899 714 948 asserebat
747 899 923 945 virtute
953 897 1106 944 sancti
1146 897 1367 944 antistitis
1399 913 1448 944 se
1484 896 1628 943 fuisse
1663 903 1895 950 sanatam.

476 981 818 1024 Verumtamen
837 974 957 1022 fides
982 983 1146 1021 nostra
1163 974 1334 1021 retinet
1351 974 1401 1020 in
1428 973 1694 1020 multorum
1713 981 1901 1018 sancto-

474 1068 583 1098 rum
605 1049 858 1097 virtutibus
883 1065 1036 1095 unum
1059 1048 1324 1095 Dominum
1348 1048 1536 1112 operari
1551 1066 1565 1106 ;
1598 1056 1643 1093 et
1677 1062 1766 1093 nec
1796 1045 1901 1091 illos

475 1127 738 1191 disjunctos
762 1125 1036 1186 virtutibus,
1062 1140 1186 1189 quos
1206 1123 1328 1172 coelo
1351 1140 1508 1190 pares,
1536 1122 1776 1170 miraculis
1798 1124 1900 1169 Do-

475 1205 634 1252 minus
657 1203 861 1267 oequales
883 1202 1043 1250 reddit
1067 1202 1117 1249 in
1145 1202 1298 1249 terris.

1072 1369 1230 1403 CAPUT
1254 1369 1362 1404 XIII.

950 1464 1003 1496 De
1024 1474 1129 1496 manu
1147 1462 1245 1497 arida
1261 1463 1428 1498 restituta.

544 1554 611 1600 Ad
636 1553 936 1600 festivitatem
955 1568 1069 1598 vero
1090 1552 1238 1613 illam,
1265 1553 1343 1599 cui
1368 1553 1691 1600 Aunacharius
1714 1556 1723 1577 ¹
1749 1554 1898 1599 Autis-

475 1631 801 1680 siodorensis²
835 1630 966 1676 urbis
1007 1629 1223 1694 pontifex
1259 1630 1432 1689 adfuit,
1470 1630 1666 1695 quidam
1706 1647 1903 1678 manum

477 1709 660 1757 aridam
683 1717 1078 1772 contractamque
1101 1706 1290 1768 detulit,
1314 1708 1399 1756 sed
1423 1718 1534 1774 post
1556 1708 1683 1755 diem
1711 1708 1903 1756 tertium

475 1786 758 1846 festivitatis,
786 1785 1160 1849 redintegratam
1182 1784 1318 1832 domi
1336 1786 1614 1850 reportavit.

1050 1934 1209 1969 CAPUT
1234 1933 1336 1968 XIV.

976 2030 1028 2063 De
1047 2028 1269 2077 Baudegisilo
1288 2028 1410 2063 debili.

551 2112 874 2176 Baudegisilus
894 2112 1091 2176 quidam
1107 2129 1166 2161 ex
1192 2111 1541 2176 Andegavensis
1565 2112 1695 2159 urbis
1713 2113 1906 2159 territo—

488 2191 577 2252 rio,
609 2189 823 2237 Baudulfi
846 2189 987 2249 filius,
1012 2190 1104 2237 vici
1133 2190 1385 2238 Geinensis
1407 2190 1421 2213 ³
1449 2189 1607 2237 incola
1624 2226 1635 2248 ,
1661 2189 1777 2236 dum
1814 2189 1906 2235 hu-

541 2386 596 2431 (1)
624 2382 721 2432 Alii,
756 2384 1031 2422 Annacharius.
1057 2381 1186 2431 Colb.,
1215 2382 1313 2421 vict.
1337 2387 1393 2431 (et
1413 2383 1517 2431 alii),
1538 2388 1752 2433 Auum-ius,
1787 2393 1824 2422 et
1856 2385 1908 2422 sic

486 2445 626 2498 legitur
641 2445 681 2483 in
698 2445 823 2483 Gestis
837 2444 1105 2496 episcoporum
1120 2444 1392 2491 Aufissiodor„
1411 2446 1514 2497 apud
1531 2445 1745 2494 Labbeum,
1767 2455 1871 2485 tomo
1891 2450 1908 2485 1

489 2507 670 2547 Biblioth.
691 2508 1123 2555 (R.)-Aunatharius.
1156 2508 1263 2559 Sag„
1283 2509 1380 2548 Cott.

544 2571 598 2623 (2)
620 2571 938 2607 Autisioderensis
963 2570 1085 2617 2204,
1107 2571 1225 2618 5326,
1249 2571 1367 2616 5329,
1393 2572 1510 2609 5334.

543 2632 597 2686 (3)
617 2631 676 2688 Sic
696 2630 805 2670 Colb.
825 2638 862 2669 et
880 2631 1005 2672 Laud.
1028 2636 1076 2669 At
1101 2631 1196 2670 Bell.
1219 2640 1255 2669 et
1274 2632 1374 2671 Clar.
1402 2632 1544 2671 habent
1566 2635 1771 2672 Gem'ensis.
1791 2634 1905 2673 Editi.

489 2698 709 2735 cennensis.
727 2696 1104 2745 (R.)—Ge1'mensis,
1126 2695 1245 2744 2204,
1273 2696 1391 2742 5326,
1414 2697 1535 2743 5329,
1554 2698 1679 2744 53343
1701 2699 1904 2745 Gcmensss,

492 2760 600 2810 Sag.;
623 2758 860 2806 Getimensis,
877 2758 975 2795 Cott.
