2028 3458
463 233 540 270 384
869 234 935 270 DE
964 234 1155 271 GLORIA
1182 234 1553 273 CONFESSORUM.

463 319 756 384 aspeximus,
797 318 932 367 silere
965 321 1267 385 nequivimus
1296 322 1414 386 quid
1443 322 1619 370 factum
1654 322 1713 368 sit
1748 322 1878 387 apud

461 396 783 443 Malliacense¹
804 398 1165 457 monasterium,
1200 398 1331 462 quod
1354 398 1403 445 in
1429 398 1675 446 cacumine
1704 399 1880 446 montis

462 484 532 520 est
564 483 916 534 constructum,
952 474 1012 522 ab
1044 475 1250 540 antiquis
1282 474 1509 523 vallatum
1542 476 1750 523 aedificiis
1780 476 1878 537 jam

462 551 620 598 erutis.
648 554 765 598 Nam
787 551 943 598 ferunt
963 552 1098 616 quod
1120 553 1167 599 in
1190 569 1248 599 eo
1274 552 1383 600 loco
1404 570 1514 600 cum
1535 553 1700 619 crypta
1723 553 1880 600 adhuc

462 627 717 675 haberetur
739 628 941 684 occulta,
964 638 1012 675 et
1030 627 1149 676 nulli
1167 628 1537 676 christianorum
1558 629 1692 677 locus
1711 629 1788 677 ille
1809 646 1881 676 es-

462 715 532 752 set
555 706 805 761 revelatus,
820 721 906 770 per
925 706 1134 769 singulas
1150 706 1509 753 Dominicarum
1525 706 1880 754 solemnitatum

463 791 627 830 noctes
650 782 711 830 ab
733 782 1086 846 habitatoribus
1106 783 1270 830 lumen
1294 783 1580 832 cernebatur
1602 800 1876 843 accensum,

463 859 547 907 sed
579 860 738 907 nullus
771 860 952 908 sciebat
982 861 1099 926 quid
1129 861 1219 909 sibi
1253 862 1349 909 hoc
1383 862 1524 909 vellet
1561 863 1837 926 mysterium
1867 879 1877 907 :

464 947 648 986 tantum
669 939 876 1004 suspicio
899 940 1134 987 retinebat
1155 940 1378 988 homines
1403 940 1582 1004 aliquid
1605 941 1784 988 ibidem
1810 957 1884 987 re-

465 1016 599 1064 tineri
631 1017 865 1065 divinum.
902 1021 1086 1066 Interea
1114 1018 1411 1067 advenerunt
1444 1018 1543 1065 duo
1576 1018 1885 1082 energumeni

463 1110 520 1141 ex
542 1094 734 1143 basilica
757 1096 905 1143 sancti
921 1097 1125 1157 Martini,
1152 1098 1234 1162 qui
1254 1097 1428 1144 collisis
1451 1097 1500 1143 in
1517 1113 1567 1144 se
1583 1096 1770 1162 palmis,
1797 1097 1886 1143 cla-

464 1189 596 1221 mare
627 1183 898 1239 coeperunt,
931 1174 1173 1222 dicentes:
1205 1195 1227 1220 «
1256 1176 1342 1222 Hic
1366 1175 1616 1239 requiescit
1651 1174 1887 1222 Solemnis

464 1250 761 1299 beatissimus
775 1252 822 1298 in
835 1261 1000 1317 crypta
1017 1252 1196 1300 abdita.
1212 1255 1428 1300 Reserate
1445 1254 1585 1316 igitur
1595 1253 1883 1318 sepulcrum,

464 1329 605 1375 amici
628 1329 732 1376 Dei.
766 1329 910 1386 Quod
927 1346 1037 1376 cum
1063 1330 1374 1395 reperieritis,
1399 1330 1515 1376 velis
1536 1330 1699 1394 tegite,
1722 1329 1886 1376 lumen

465 1406 733 1465 accendite,
766 1407 1044 1471 cultumque
1073 1407 1290 1455 debitum
1324 1408 1369 1454 ei
1395 1405 1613 1455 exhibete
1640 1426 1649 1453 :
1680 1408 1770 1454 erit
1803 1423 1887 1453 re—

465 1483 595 1546 gioni
620 1483 732 1530 huic
753 1483 961 1542 salubre,
988 1484 1025 1530 si
1048 1501 1152 1548 quae
1175 1485 1418 1547 loquimur
1440 1484 1829 1549 adimpleveritis.
1860 1501 1884 1526 υ

466 1563 523 1607 Et
554 1561 653 1607 haec
676 1561 886 1608 dicentes
911 1578 1020 1608 cum
1048 1562 1255 1609 clamore
1282 1578 1485 1625 magno,
1518 1562 1728 1609 effodere
1750 1561 1887 1608 tellu-

464 1655 567 1685 rem
599 1639 788 1703 ungulis
819 1638 1111 1687 nitebantur.
1157 1643 1289 1687 Tunc
1326 1639 1544 1687 videntes
1582 1639 1750 1687 incolae
1784 1655 1888 1703 quae

465 1715 767 1779 gerebantur,
808 1727 1005 1782 accepto
1037 1716 1244 1776 sarculo,
1282 1717 1564 1764 effodientes
1601 1726 1890 1782 aperuerunt

465 1803 704 1858 cryptam,
741 1794 790 1840 in
818 1811 915 1858 qua
939 1811 1027 1859 per
1054 1795 1223 1841 seriem
1253 1795 1488 1858 graduum
1520 1794 1885 1853 descendentes,

465 1880 744 1936 repererunt
774 1871 1047 1937 sepulcrum
1079 1889 1335 1937 magnum,
1372 1873 1434 1920 de
1464 1889 1563 1936 quo
1595 1871 1890 1920 testabantur

466 1947 533 1994 illi
556 1948 715 1996 adhuc
736 1958 893 1997 mente
916 1949 1093 1997 infirmi
1117 1950 1212 1998 hoc
1240 1967 1340 1997 esse
1354 1951 1633 2015 sepulcrum
1657 1950 1891 1998 Solemnis

466 2025 751 2087 beatissimi,
785 2028 869 2092 qui
893 2045 1005 2075 mox
1035 2045 1177 2076 sensu
1202 2029 1519 2077 discesserunt
1542 2039 1750 2095 recepto.
1782 2032 1890 2075 Post

467 2103 568 2151 haec
592 2115 752 2152 autem
778 2116 1027 2170 coeperunt
1051 2106 1114 2154 ad
1142 2123 1253 2154 eum
1284 2106 1584 2154 diversorum
1607 2105 1889 2153 morborum

468 2182 963 2245 aegroticonssuere,et
980 2194 1175 2249 accepta
1195 2184 1393 2231 sanitate
1421 2183 1576 2231 redire
1605 2184 1883 2231 incolumes,

469 2260 563 2307 Sed
584 2270 631 2307 et
653 2260 937 2308 Lithomeris
955 2261 1084 2308 urbis
1098 2253 1269 2326 ipsius*
1292 2261 1533 2325 indigena,
1550 2279 1662 2309 cum
1675 2261 1736 2309 ab
1753 2277 1891 2325 quar-

469 2339 569 2385 tani
611 2339 710 2404 typi
750 2340 1055 2402 aegrotatione
1099 2339 1401 2403 fatigaretur,
1450 2340 1655 2404 acceptis
1690 2356 1747 2386 ex
1784 2339 1890 2386 hos-

469 2415 638 2480 pitiolo
670 2433 756 2463 suo
789 2418 959 2476 cereis,
995 2418 1196 2464 surrexit
1227 2434 1337 2465 cum
1361 2434 1460 2464 uno
1491 2427 1676 2465 tantum
1706 2434 1885 2482 puero,

527 2565 582 2619 (1)
601 2569 908 2614 MalliczcensIm,
929 2570 1049 2607 2791.

526 2631 581 2678 (2)
599 2629 659 2668 Sic
691 2643 781 2670 mss.
815 2642 904 2669 cum
932 2629 1025 2669 Bad.
1055 2629 1189 2670 Caeteri
1215 2629 1308 2668 editi
1334 2639 1372 2669 et
1395 2632 1486 2679 SB.‚
1512 2631 1763 2669 Littlzomerus
1788 2627 1890 2666 unbis

472 2693 713 2731 Pictave'nsis.
746 2692 823 2746 (R).
841 2714 896 2723 —
913 2693 1019 2732 2204
1036 2722 1047 2741 ,
1086 2694 1328 2732 Lictlzomeris
1358 2692 1460 2731 urbis
1496 2698 1615 2744 ipsius
1640 2700 1678 2731 et
1708 2692 1889 2743 deinceps

472 2755 705 2795 correctione
717 2747 910 2795 coaetanea
928 2758 1180 2795 Lietlzomerus
1196 2756 1296 2795 urbis
1314 2758 1559 2795 Pictavensis.
