2028 3458
436 367 513 405 ¹³4
647 365 716 403 DE
743 364 1034 403 VIRTUTIBUS
1061 363 1235 402 SANCTI
1263 365 1489 403 MARTINI.
1507 385 1557 394 —
1581 366 1634 404 11.

1001 499 1301 537 CAPU‘rxxv,

938 584 991 619 De
1014 584 1211 633 paralytico
1235 593 1369 620 sanato.

500 670 622 720 ttlud
655 685 754 735 prae
785 669 965 717 caeteris
999 668 1344 717 admirandum
1378 668 1687 731 miraculum,
1724 668 1862 716 vobis

437 748 702 809 orantibus,
734 746 983 813 explicabo
1004 785 1015 805 ‚
1037 747 1173 811 quod
1197 757 1305 812 post
1330 748 1621 794 immensum
1644 747 1861 794 moeroris

437 827 685 876 cumulum
716 843 946 891 magnum
972 825 1115 873 nobis
1139 826 1368 890 gaudium
1389 826 1635 892 patefecit,
1672 825 1791 872 dum
1815 835 1862 873 et

435 905 658 953 virtutem
672 904 800 952 beati
825 904 1041 970 protulit,
1070 914 1117 951 et
1145 904 1279 968 quod
1306 903 1545 951 titubabat
1562 904 1727 963 erexit,
1754 920 1862 951 cor-

435 983 592 1048 daque
615 983 835 1030 nutantia
858 982 1155 1048 populorum
1188 982 1320 1045 larga
1348 981 1614 1029 stabilitatis
1642 981 1862 1029 firmitate

435 1061 656 1109 munivit.
683 1064 803 1108 Nam
829 1076 939 1106 eum
966 1060 1014 1106 in
1043 1059 1302 1110 venerabili
1330 1059 1585 1107 dominicae
1606 1060 1863 1107 nativitatis

435 1149 578 1188 nocte
610 1138 926 1186 sacrosanctis
952 1137 1161 1185 deducta
1191 1137 1428 1198 excubiis,
1463 1137 1780 1203 procedentes
1802 1137 1863 1185 de

437 1216 654 1276 ecclesia,
673 1215 735 1263 ad
747 1215 992 1263 basilicam
1013 1216 1164 1263 sancti
1182 1216 1249 1262 ire
1264 1215 1647 1280 disponeremus,
1663 1214 1862 1281 quidam

437 1310 496 1341 ex
520 1294 872 1358 energumeniS,
908 1293 1119 1340 atrocior
1144 1293 1341 1353 caeteris,
1376 1293 1520 1358 eoepit
1548 1294 1750 1340 nimium
1784 1293 1865 1340 de-

437 1370 679 1430 bacchari,
707 1380 753 1418 et
778 1371 1051 1435 discerpens
1071 1386 1139 1428 se,
1157 1380 1300 1434 atque
1315 1369 1566 1430 collidens,
1594 1370 1830 1417 clamabat
1849 1388 1859 1416 :

444 1467 468 1494 «
486 1451 675 1496 Frustra
689 1449 910 1514 appetitis
926 1448 1088 1495 limina
1108 1448 1313 1505 Martini,
1333 1464 1467 1495 casso
1482 1448 1696 1511 ejusdem
1714 1448 1865 1496 aedem

440 1525 602 1586 aditis,
628 1527 739 1590 quia
765 1542 848 1573 vos
871 1535 1068 1590 propter
1093 1525 1243 1572 multa
1274 1525 1476 1572 crimina
1505 1525 1776 1590 dereliquit,
1818 1536 1866 1573 et

440 1620 552 1652 ecce
585 1620 673 1651 vos
696 1603 978 1663 abhorrens,
1009 1605 1170 1650 Romae
1198 1603 1435 1651 mirabilia
1460 1604 1587 1651 facit.
1622 1604 1693 1651 lbi
1717 1622 1865 1652 caeco-

440 1697 548 1729 rum
572 1680 723 1728 oculis
746 1680 907 1728 lumen
934 1680 1164 1740 infundit,
1188 1681 1252 1727 ibi
1276 1682 1648 1746 paralyticorum
1679 1699 1866 1746 gressus

442 1757 623 1821 dirigit3
665 1758 750 1806 sed
780 1769 826 1805 et
850 1758 953 1805 aliis
981 1774 1175 1822 quoque
1199 1758 1382 1804 morbis
1405 1774 1490 1805 sua
1521 1760 1694 1806 virtute
1719 1759 1866 1806 linem

443 1835 664 1900 imponit.
690 1854 714 1879 »
737 1835 806 1883 Ad
824 1835 951 1883 hanc
975 1835 1155 1883 diaboli
1178 1852 1348 1883 vocem
1373 1842 1531 1883 omnis
1550 1837 1760 1902 populus
1782 1855 1864 1885 ex-

442 1912 676 1970 turbatur,
707 1923 753 1960 et
782 1930 880 1960 non
904 1913 1061 1961 solum
1082 1913 1254 1961 obruta
1278 1915 1522 1961 minorum
1543 1917 1553 1938 ¹
1583 1914 1755 1975 corda,
1783 1915 1866 1963 sed

443 1992 598 2039 etiam,
631 2008 720 2038 nos
760 1992 850 2056 ipsi
892 2008 1072 2057 pavore
1117 1992 1440 2040 concutimur.
1489 1991 1868 2055 Ingredientibus

445 2078 604 2123 autem
619 2068 760 2129 nobis
783 2087 893 2117 cum
913 2070 1024 2117 fletu
1051 2085 1225 2133 magno
1248 2069 1512 2127 basilicam,
1541 2086 1710 2116 omnes
1734 2073 1867 2135 pavi—

446 2155 609 2193 mento
628 2147 978 2211 prosternimur
996 2157 1204 2208 orantes,
1222 2157 1274 2194 ut
1291 2147 1442 2194 sancti
1459 2147 1547 2193 viri
1570 2148 1868 2212 praesentiam

448 2232 733 2271 mereamur.
769 2227 829 2271 Et
853 2241 964 2272 ecce
985 2242 1127 2286 unus,
1158 2224 1386 2271 Bonulftts
1410 2225 1625 2284 nomine,
1654 2226 1729 2271 cui
1757 2236 1868 2273 ante

448 2310 540 2348 tres
574 2317 728 2350 annos
758 2319 844 2368 per
873 2304 1072 2350 nimiam
1098 2302 1376 2350 valitudinis
1411 2302 1592 2349 febrem
1616 2305 1657 2363 ²,
1697 2319 1869 2350 manus

448 2377 600 2426 ambae
619 2396 730 2425 cum
754 2396 852 2426 uno
871 2380 996 2444 pede
1019 2389 1374 2437 contraxerant,
1411 2389 1455 2426 et
1478 2379 1538 2426 ad
1572 2379 1870 2426 festivitatem

447 2455 576 2503 beati
600 2457 686 2503 viri
711 2458 932 2504 manibus
951 2458 1161 2519 directis,
1184 2457 1306 2523 pede
1329 2457 1489 2504 adhue
1513 2457 1659 2504 debili
1688 2458 1870 2504 claudi·

448 2533 604 2594 cabat,
630 2544 738 2581 ante
762 2545 979 2582 sanctum
1002 2535 1149 2583 altare
1172 2536 1414 2594 sternitur,
1442 2552 1583 2582 orans
1606 2545 1656 2582 ut
1680 2536 1759 2599 qui
1781 2535 1870 2582 sibi

446 2625 617 2658 manus
639 2612 794 2659 aridas
815 2614 1111 2674 restituerat,
1141 2614 1315 2680 pedem
1341 2630 1535 2678 quoque
1567 2624 1869 2661 contractum

497 2803 552 2850 (1)
572 2800 821 2840 Membrormn
853 2802 957 2840 addit
982 2803 1111 2843 Bitia.-

496 2867 552 2914 (Ξ)
568 2864 629 2905 Sic
648 2866 775 2912 2204,
797 2866 900 2903 5326
916 2894 926 2912 ,
948 2868 1067 2905 5334.
1093 2867 1225 2904 Nimia
1244 2868 1488 2904 multitudine
1508 2865 1642 2917 febris,
1665 2866 1782 2905 Ruin.
