2028 3458
439 267 516 306 310
647 266 714 302 DE
740 263 1036 302 VIRTUTIBUS
1064 262 1238 302 SANCTI
1264 263 1491 300 MARTINI.
1514 283 1568 290 —
1585 263 1651 302 IV.

440 354 566 418 gavit
589 369 667 400 me
681 351 877 416 quidam
900 350 1171 413 negotiator
1187 350 1316 397 unde
1334 350 1565 397 venirem.
1591 350 1727 397 Dixi:
1747 329 1860 398 ((’Βθ

440 430 656 477 Pictavis.
689 448 711 472 ›>
739 427 866 474 Dixit
887 426 1006 473 mihi
1030 427 1069 473 si
1091 426 1351 490 aliquando
1374 426 1435 474 ad
1457 426 1704 473 basilicam
1735 426 1861 475 beati

382 527 387 530 ·
439 507 625 554 Martini
658 505 861 552 Turonis
897 506 1228 552 occurrissem.
1275 505 1384 552 Dixi
1418 504 1553 569 quod
1582 505 1780 570 quando
1811 507 1860 552 in

438 584 622 632 Austria
640 585 653 609 ¹
683 583 1007 643 ambularem,
1038 583 1106 630 sic
1130 581 1196 629 ibi
1226 599 1303 629 me
1328 594 1703 648 praesentassem.
1734 585 1864 631 Dixit

439 661 558 708 mihi
585 660 724 725 quale
750 659 1044 708 beneficium
1066 658 1237 717 domni
1260 660 1450 707 Martini
1476 671 1705 708 senserat.
1733 663 1861 707 Dum

439 739 569 787 enim
591 738 747 786 Mettis
778 738 926 785 salem
950 737 1254 801 negotiasset,
1282 747 1329 785 et
1351 737 1413 784 ad
1443 748 1642 803 pontem
1674 739 1828 786 Mettis
1850 739 1864 761 ¹

440 816 761 882 applicuisset,
778 814 900 863 dixit
918 833 928 862 :
951 835 973 858 (ε
990 819 1181 862 Domne
1198 814 1416 876 Martine,
1437 832 1512 863 me
1525 826 1572 863 et
1583 815 1865 881 puericellos

439 910 560 959 quos
572 893 749 953 habeo,
762 893 1085 940 etnaviculam
1099 909 1258 940 meam
1271 892 1357 939 tibi
1370 894 1678 941 commendo.
1698 912 1720 938 »
1739 896 1865 940 Inter

438 972 539 1019 haec
562 971 845 1020 recubantes
869 971 918 1017 in
945 971 1083 1033 navi,
1109 987 1278 1018 omnes
1300 969 1700 1019 obdormivimus.
1726 973 1865 1018 Mane

441 1050 649 1098 excitans
672 1066 748 1096 me
770 1066 882 1096 cum
906 1048 1175 1113 puericellis
1193 1086 1204 1107 ,
1235 1065 1356 1113 quos
1379 1066 1571 1096 mecum
1595 1049 1862 1108 habebam,

440 1129 711 1176 invenimus
745 1144 836 1175 nos
876 1138 985 1175 ante
1018 1137 1209 1193 portam
1244 1128 1565 1185 Trevericam,
1601 1128 1866 1175 nescientes

441 1205 692 1271 quomodo
727 1205 1048 1265 venissemus,
1086 1205 1170 1269 qui
1205 1221 1295 1251 nos
1326 1204 1484 1252 adhuc
1514 1205 1668 1251 Mettis
1703 1204 1867 1251 crede-

441 1283 612 1330 bamus
633 1283 915 1342 consistere3
944 1298 1037 1346 qua
1063 1283 1248 1330 ratione
1272 1292 1351 1329 aut
1378 1283 1647 1345 navigatum
1674 1293 1760 1343 est,
1786 1293 1867 1330 aut

442 1360 681 1419 volatum3
709 1359 810 1406 sola
830 1359 1252 1409 commendatione
1274 1358 1402 1405 beati
1427 1359 1635 1415 Martini,
1654 1375 1743 1406 nec
1768 1359 1867 1405 ssu—

442 1440 574 1487 vium
613 1438 949 1497 sensissemus,
986 1446 1031 1483 et
1059 1436 1264 1484 Mosellae
1304 1446 1416 1483 tunc
1452 1437 1683 1484 saevientis
1714 1436 1868 1483 undas

445 1516 696 1581 naufragas
731 1517 1038 1563 evitassemus
1067 1533 1077 1561 z
1112 1525 1184 1574 et,
1212 1514 1344 1578 quod
1378 1514 1488 1561 satis
1519 1524 1589 1561 est
1624 1514 1865 1574 mirabile,

445 1594 695 1659 quomodo
716 1594 838 1640 inter
860 1609 969 1641 saxa
986 1602 1227 1640 nocturno
1253 1602 1468 1657 tempore
1485 1593 1869 1656 praeteriissemus

445 1672 726 1731 incolume5‚
746 1688 846 1718 non
870 1681 1016 1719 nauta
1035 1671 1278 1735 vigilante,
1301 1687 1400 1717 non
1422 1679 1567 1717 vento
1587 1670 1748 1729 flante,
1767 1685 1868 1716 non

446 1766 580 1797 remo
603 1749 826 1797 ducente.
858 1769 880 1792 >³

990 1917 1149 1952 CAPUT
1187 1917 1306 1954 XXX.

761 2022 813 2056 De
829 2021 1017 2057 virtutibus
1031 2021 1327 2058 Locodiacensis⁸
1347 2021 1560 2058 monasterii.

511 2121 746 2183 Tempore
770 2128 880 2183 post
900 2119 1085 2181 habito,
1112 2137 1223 2167 cum
1249 2136 1397 2183 usque
1417 2119 1658 2166 Pictavam
1674 2120 1688 2143 ⁸
1708 2134 1866 2165 acces-

449 2196 668 2243 sissemus
687 2195 873 2256 urbem,
895 2196 1031 2244 libuit
1054 2198 1202 2262 gratia
1217 2207 1404 2245 tantum
1428 2197 1659 2244 orationis
1680 2213 1869 2244 monas-

502 2392 557 2439 (1)
576 2388 670 2428 Cod.
695 2387 805 2427 colb.
828 2403 837 2426 t
859 2391 960 2427 Dixi
977 2390 1080 2439 quod
1103 2402 1184 2427 cum
1204 2393 1244 2426 in
1268 2390 1448 2427 Neustria
1470 2387 1718 2437 ambularem,
1739 2392 1794 2426 sic
1819 2388 1875 2426 ibi

448 2467 508 2492 me
521 2461 817 2504 praesentassem.
840 2453 920 2501 (R.)

502 2517 557 2565 (2)
581 2518 714 2561 Rom.,
741 2523 891 2565 pontem
926 2517 1079 2555 Mortis.
1110 2516 1157 2552 Et
1186 2514 1342 2566 quidem
1374 2514 1477 2566 apud
1508 2517 1644 2552 Mettas
1676 2512 1871 2565 hodieque

450 2592 546 2632 pons
564 2581 705 2617 Mortis
723 2576 846 2615 dictus
866 2576 1045 2615 habetur.
1073 2579 1151 2625 (R.)

502 2644 556 2692 (3)
574 2640 892 2692 Lacetigiacensis
909 2642 1006 2679 3801
1040 2640 1080 2679 in
1099 2640 1227 2679 indice
1240 2671 1250 2690 ‚
1271 2649 1310 2679 et
1328 2639 1367 2678 in
1387 2649 1494 2678 textu
1522 2642 1866 2691 Locotigiacensem.

450 2707 553 2746 5329
573 2705 900 2755 Locotigiacensis.

503 2767 558 2821 (4)
581 2768 685 2806 2204
703 2768 902 2807 Peccavam
922 2765 986 2804 hic
1005 2774 1042 2804 et
1060 2766 1175 2805 infra.
