<?xml version="1.0" encoding="UTF-8"?>
<!DOCTYPE html PUBLIC "-//W3C//DTD XHTML 1.0 Transitional//EN"
    "http://www.w3.org/TR/xhtml1/DTD/xhtml1-transitional.dtd">
<html xmlns="http://www.w3.org/1999/xhtml" xml:lang="en" lang="en">
 <head>
  <title>
</title>
<meta http-equiv="Content-Type" content="text/html;charset=utf-8" />
  <meta name='ocr-system' content='tesseract 3.04.00' />
  <meta name='ocr-capabilities' content='ocr_page ocr_carea ocr_par ocr_line ocrx_word'/>
</head>
<body>
  <div class='ocr_page' id='page_1' title='image "./leslivresdesmira02greguoft_0222.png"; bbox 0 0 2028 3458; ppageno 0'>
   <div class='ocr_carea' id='block_1_1' title="bbox 382 296 1637 337">
    <p class='ocr_par' dir='ltr' id='par_1_1' title="bbox 382 296 1637 337">
     <span class='ocr_line' id='line_1_1' title="bbox 382 296 1637 337; baseline 0.002 -5"><span class='ocrx_word' id='word_1_1' title='bbox 382 330 384 332; x_wconf 82' lang='lat'>.</span> <span class='ocrx_word' id='word_1_2' title='bbox 411 300 492 337; x_wconf 72' lang='lat'>206</span> <span class='ocrx_word' id='word_1_3' title='bbox 627 299 694 335; x_wconf 89' lang='lat' dir='ltr'>DE</span> <span class='ocrx_word' id='word_1_4' title='bbox 722 297 1015 335; x_wconf 90' lang='lat' dir='ltr'><strong>VIRTUTIBUS</strong></span> <span class='ocrx_word' id='word_1_5' title='bbox 1044 296 1217 335; x_wconf 71' lang='lat' dir='ltr'>SANCTI</span> <span class='ocrx_word' id='word_1_6' title='bbox 1245 297 1471 335; x_wconf 79' lang='lat' dir='ltr'>MAR&#39;HM.</span> <span class='ocrx_word' id='word_1_7' title='bbox 1494 297 1637 334; x_wconf 88' lang='lat'><em>-111.</em></span> 
     </span>
    </p>
   </div>
   <div class='ocr_carea' id='block_1_2' title="bbox 411 384 1840 2305">
    <p class='ocr_par' dir='ltr' id='par_1_2' title="bbox 411 384 1840 2305">
     <span class='ocr_line' id='line_1_2' title="bbox 416 384 1834 450; baseline -0.004 -16"><span class='ocrx_word' id='word_1_8' title='bbox 416 398 509 447; x_wconf 90' lang='lat' dir='ltr'>tur,</span> <span class='ocrx_word' id='word_1_9' title='bbox 540 386 703 433; x_wconf 86' lang='lat' dir='ltr'>dicens</span> <span class='ocrx_word' id='word_1_10' title='bbox 737 404 747 432; x_wconf 74' lang='grc' dir='ltr'>ε</span> <span class='ocrx_word' id='word_1_11' title='bbox 791 405 813 430; x_wconf 80' lang='grc' dir='ltr'><strong><em>α</em></strong></span> <span class='ocrx_word' id='word_1_12' title='bbox 839 387 957 450; x_wconf 86' lang='lat' dir='ltr'>Spes</span> <span class='ocrx_word' id='word_1_13' title='bbox 988 385 1129 433; x_wconf 91' lang='lat' dir='ltr'>nobis</span> <span class='ocrx_word' id='word_1_14' title='bbox 1157 396 1259 433; x_wconf 88' lang='lat' dir='ltr'>erat</span> <span class='ocrx_word' id='word_1_15' title='bbox 1296 386 1520 444; x_wconf 83' lang='lat' dir='ltr'>maxima,</span> <span class='ocrx_word' id='word_1_16' title='bbox 1561 384 1834 431; x_wconf 85' lang='lat' dir='ltr'><strong>beatissime</strong></span> 
     </span>
     <span class='ocr_line' id='line_1_3' title="bbox 413 461 1834 529; baseline -0.003 -17"><span class='ocrx_word' id='word_1_17' title='bbox 413 464 675 524; x_wconf 87' lang='lat' dir='ltr'>confessor,</span> <span class='ocrx_word' id='word_1_18' title='bbox 702 473 783 510; x_wconf 91' lang='lat' dir='ltr'>tua</span> <span class='ocrx_word' id='word_1_19' title='bbox 805 462 901 510; x_wconf 89' lang='lat' dir='ltr'>huc</span> <span class='ocrx_word' id='word_1_20' title='bbox 919 464 1121 528; x_wconf 85' lang='lat' dir='ltr'>pignora</span> <span class='ocrx_word' id='word_1_21' title='bbox 1135 463 1428 528; x_wconf 82' lang='lat' dir='ltr'>deportasse,</span> <span class='ocrx_word' id='word_1_22' title='bbox 1455 481 1541 529; x_wconf 89' lang='lat' dir='ltr'>per</span> <span class='ocrx_word' id='word_1_23' title='bbox 1558 479 1663 527; x_wconf 90' lang='lat' dir='ltr'>quae</span> <span class='ocrx_word' id='word_1_24' title='bbox 1679 461 1834 508; x_wconf 88' lang='lat' dir='ltr'>morbi</span> 
     </span>
     <span class='ocr_line' id='line_1_4' title="bbox 414 540 1835 606; baseline -0.003 -18"><span class='ocrx_word' id='word_1_25' title='bbox 414 541 781 606; x_wconf 77' lang='lat' dir='ltr'>depellerentur,</span> <span class='ocrx_word' id='word_1_26' title='bbox 810 540 964 587; x_wconf 86' lang='lat' dir='ltr'>febres</span> <span class='ocrx_word' id='word_1_27' title='bbox 989 540 1417 604; x_wconf 83' lang='lat' dir='ltr'>exstinguerentur,</span> <span class='ocrx_word' id='word_1_28' title='bbox 1450 542 1727 605; x_wconf 88' lang='lat' dir='ltr'>fugarentur</span> <span class='ocrx_word' id='word_1_29' title='bbox 1748 555 1835 585; x_wconf 85' lang='lat' dir='ltr'>cae-</span> 
     </span>
     <span class='ocr_line' id='line_1_5' title="bbox 414 615 1834 680; baseline -0.001 -16"><span class='ocrx_word' id='word_1_30' title='bbox 414 618 567 670; x_wconf 77' lang='lat' dir='ltr'>citatis</span> <span class='ocrx_word' id='word_1_31' title='bbox 595 616 820 675; x_wconf 88' lang='lat' dir='ltr'>tenebrae,</span> <span class='ocrx_word' id='word_1_32' title='bbox 848 627 894 663; x_wconf 89' lang='lat' dir='ltr'>et</span> <span class='ocrx_word' id='word_1_33' title='bbox 917 617 1018 663; x_wconf 80' lang='lat' dir='ltr'>aliae</span> <span class='ocrx_word' id='word_1_34' title='bbox 1048 633 1244 680; x_wconf 90' lang='lat' dir='ltr'>quoque</span> <span class='ocrx_word' id='word_1_35' title='bbox 1278 616 1575 664; x_wconf 79' lang='lat' dir='ltr'>infirmitates</span> <span class='ocrx_word' id='word_1_36' title='bbox 1607 615 1834 663; x_wconf 87' lang='lat' dir='ltr'>emenda-</span> 
     </span>
     <span class='ocr_line' id='line_1_6' title="bbox 413 693 1835 759; baseline -0.001 -19"><span class='ocrx_word' id='word_1_37' title='bbox 413 704 593 754; x_wconf 87' lang='lat' dir='ltr'>rentur,</span> <span class='ocrx_word' id='word_1_38' title='bbox 623 710 711 759; x_wconf 91' lang='lat' dir='ltr'>pro</span> <span class='ocrx_word' id='word_1_39' title='bbox 743 710 801 740; x_wconf 88' lang='lat' dir='ltr'>eo</span> <span class='ocrx_word' id='word_1_40' title='bbox 829 694 962 757; x_wconf 91' lang='lat' dir='ltr'>quod</span> <span class='ocrx_word' id='word_1_41' title='bbox 986 693 1046 740; x_wconf 91' lang='lat' dir='ltr'>de</span> <span class='ocrx_word' id='word_1_42' title='bbox 1068 703 1114 739; x_wconf 92' lang='lat' dir='ltr'>te</span> <span class='ocrx_word' id='word_1_43' title='bbox 1137 693 1357 757; x_wconf 85' lang='lat' dir='ltr'>legantur</span> <span class='ocrx_word' id='word_1_44' title='bbox 1379 694 1603 759; x_wconf 88' lang='lat' dir='ltr'>plurima,</span> <span class='ocrx_word' id='word_1_45' title='bbox 1633 710 1738 757; x_wconf 82' lang='lat' dir='ltr'>quae</span> <span class='ocrx_word' id='word_1_46' title='bbox 1759 693 1835 739; x_wconf 92' lang='lat' dir='ltr'>vel</span> 
     </span>
     <span class='ocr_line' id='line_1_7' title="bbox 413 770 1837 837; baseline -0.001 -19"><span class='ocrx_word' id='word_1_47' title='bbox 413 772 576 818; x_wconf 89' lang='lat' dir='ltr'>vivens</span> <span class='ocrx_word' id='word_1_48' title='bbox 596 771 777 832; x_wconf 90' lang='lat' dir='ltr'>feceris,</span> <span class='ocrx_word' id='word_1_49' title='bbox 804 772 878 818; x_wconf 90' lang='lat' dir='ltr'>vel</span> <span class='ocrx_word' id='word_1_50' title='bbox 897 781 1007 837; x_wconf 87' lang='lat' dir='ltr'>post</span> <span class='ocrx_word' id='word_1_51' title='bbox 1030 771 1282 818; x_wconf 86' lang='lat' dir='ltr'>transitum</span> <span class='ocrx_word' id='word_1_52' title='bbox 1306 772 1536 836; x_wconf 87' lang='lat' dir='ltr'>operaris.</span> <span class='ocrx_word' id='word_1_53' title='bbox 1562 774 1683 818; x_wconf 89' lang='lat' dir='ltr'>Nam</span> <span class='ocrx_word' id='word_1_54' title='bbox 1707 770 1837 817; x_wconf 89' lang='lat' dir='ltr'>audi-</span> 
     </span>
     <span class='ocr_line' id='line_1_8' title="bbox 413 847 1834 913; baseline -0.002 -18"><span class='ocrx_word' id='word_1_55' title='bbox 413 849 568 895; x_wconf 84' lang='lat' dir='ltr'>vimus</span> <span class='ocrx_word' id='word_1_56' title='bbox 599 858 646 895; x_wconf 89' lang='lat' dir='ltr'>te</span> <span class='ocrx_word' id='word_1_57' title='bbox 670 849 887 895; x_wconf 80' lang='lat' dir='ltr'>oratione</span> <span class='ocrx_word' id='word_1_58' title='bbox 918 858 1137 896; x_wconf 91' lang='lat' dir='ltr'>mortuos</span> <span class='ocrx_word' id='word_1_59' title='bbox 1167 849 1433 907; x_wconf 87' lang='lat' dir='ltr'>suscitasse,</span> <span class='ocrx_word' id='word_1_60' title='bbox 1462 849 1647 913; x_wconf 89' lang='lat' dir='ltr'>lepram</span> <span class='ocrx_word' id='word_1_61' title='bbox 1670 847 1834 895; x_wconf 87' lang='lat' dir='ltr'>osculo</span> 
     </span>
     <span class='ocr_line' id='line_1_9' title="bbox 413 924 1834 990; baseline -0.002 -17"><span class='ocrx_word' id='word_1_62' title='bbox 413 925 670 990; x_wconf 88' lang='lat' dir='ltr'>depulisse,</span> <span class='ocrx_word' id='word_1_63' title='bbox 696 942 1046 989; x_wconf 86' lang='lat' dir='ltr'>energumenos</span> <span class='ocrx_word' id='word_1_64' title='bbox 1084 942 1275 972; x_wconf 90' lang='lat' dir='ltr'>curasse</span> <span class='ocrx_word' id='word_1_65' title='bbox 1303 925 1471 986; x_wconf 81' lang='lat' dir='ltr'>verbo,</span> <span class='ocrx_word' id='word_1_66' title='bbox 1499 941 1739 972; x_wconf 87' lang='lat' dir='ltr'>venenum</span> <span class='ocrx_word' id='word_1_67' title='bbox 1761 924 1834 970; x_wconf 84' lang='lat' dir='ltr'>di-</span> 
     </span>
     <span class='ocr_line' id='line_1_10' title="bbox 414 1001 1838 1069; baseline -0.003 -18"><span class='ocrx_word' id='word_1_68' title='bbox 414 1005 512 1068; x_wconf 87' lang='lat' dir='ltr'>gito</span> <span class='ocrx_word' id='word_1_69' title='bbox 537 1004 890 1069; x_wconf 88' lang='lat' dir='ltr'>compressisse,</span> <span class='ocrx_word' id='word_1_70' title='bbox 906 1013 951 1050; x_wconf 92' lang='lat' dir='ltr'>et</span> <span class='ocrx_word' id='word_1_71' title='bbox 970 1003 1061 1050; x_wconf 88' lang='lat' dir='ltr'>alia</span> <span class='ocrx_word' id='word_1_72' title='bbox 1083 1004 1235 1050; x_wconf 89' lang='lat' dir='ltr'>multa</span> <span class='ocrx_word' id='word_1_73' title='bbox 1261 1003 1422 1050; x_wconf 87' lang='lat' dir='ltr'>fecisse</span> <span class='ocrx_word' id='word_1_74' title='bbox 1445 1021 1454 1049; x_wconf 91' lang='lat'>:</span> <span class='ocrx_word' id='word_1_75' title='bbox 1485 1002 1566 1048; x_wconf 83' lang='lat' dir='ltr'>hic</span> <span class='ocrx_word' id='word_1_76' title='bbox 1588 1001 1838 1067; x_wconf 88' lang='lat' dir='ltr'>apparebit</span> 
     </span>
     <span class='ocr_line' id='line_1_11' title="bbox 414 1079 1837 1144; baseline -0.003 -16"><span class='ocrx_word' id='word_1_77' title='bbox 414 1082 561 1129; x_wconf 89' lang='lat' dir='ltr'>virtus</span> <span class='ocrx_word' id='word_1_78' title='bbox 586 1091 682 1142; x_wconf 85' lang='lat' dir='ltr'>tua,</span> <span class='ocrx_word' id='word_1_79' title='bbox 700 1081 739 1127; x_wconf 92' lang='lat' dir='ltr'>si</span> <span class='ocrx_word' id='word_1_80' title='bbox 762 1090 808 1128; x_wconf 89' lang='lat' dir='ltr'>et</span> <span class='ocrx_word' id='word_1_81' title='bbox 830 1097 961 1127; x_wconf 88' lang='lat' dir='ltr'>nunc</span> <span class='ocrx_word' id='word_1_82' title='bbox 982 1081 1117 1144; x_wconf 88' lang='lat' dir='ltr'>juxta</span> <span class='ocrx_word' id='word_1_83' title='bbox 1132 1080 1278 1127; x_wconf 88' lang='lat' dir='ltr'>fidem</span> <span class='ocrx_word' id='word_1_84' title='bbox 1304 1090 1517 1126; x_wconf 84' lang='lat' dir='ltr'>nostram</span> <span class='ocrx_word' id='word_1_85' title='bbox 1534 1079 1666 1126; x_wconf 90' lang='lat' dir='ltr'>hunc</span> <span class='ocrx_word' id='word_1_86' title='bbox 1685 1095 1837 1125; x_wconf 90' lang='lat' dir='ltr'>resus-</span> 
     </span>
     <span class='ocr_line' id='line_1_12' title="bbox 411 1155 1838 1223; baseline -0.003 -17"><span class='ocrx_word' id='word_1_87' title='bbox 411 1159 629 1206; x_wconf 86' lang='lat' dir='ltr'>citaveris</span> <span class='ocrx_word' id='word_1_88' title='bbox 652 1157 923 1223; x_wconf 89' lang='lat' dir='ltr'>parvulum.</span> <span class='ocrx_word' id='word_1_89' title='bbox 943 1157 1087 1215; x_wconf 91' lang='lat' dir='ltr'>Quod</span> <span class='ocrx_word' id='word_1_90' title='bbox 1111 1158 1148 1204; x_wconf 93' lang='lat' dir='ltr'>si</span> <span class='ocrx_word' id='word_1_91' title='bbox 1171 1174 1271 1204; x_wconf 93' lang='lat' dir='ltr'>non</span> <span class='ocrx_word' id='word_1_92' title='bbox 1288 1157 1468 1216; x_wconf 89' lang='lat' dir='ltr'>feceris,</span> <span class='ocrx_word' id='word_1_93' title='bbox 1487 1173 1585 1203; x_wconf 93' lang='lat' dir='ltr'>non</span> <span class='ocrx_word' id='word_1_94' title='bbox 1609 1156 1688 1203; x_wconf 89' lang='lat' dir='ltr'>hic</span> <span class='ocrx_word' id='word_1_95' title='bbox 1714 1155 1838 1202; x_wconf 90' lang='lat' dir='ltr'>ultra</span> 
     </span>
     <span class='ocr_line' id='line_1_13' title="bbox 413 1232 1838 1296; baseline -0.003 -14"><span class='ocrx_word' id='word_1_96' title='bbox 413 1235 540 1283; x_wconf 89' lang='lat' dir='ltr'>colla</span> <span class='ocrx_word' id='word_1_97' title='bbox 560 1235 880 1296; x_wconf 88' lang='lat' dir='ltr'>curvabimus,</span> <span class='ocrx_word' id='word_1_98' title='bbox 907 1235 1162 1282; x_wconf 88' lang='lat' dir='ltr'>luminaria</span> <span class='ocrx_word' id='word_1_99' title='bbox 1185 1234 1520 1293; x_wconf 78' lang='lat' dir='ltr'>accendemUS,</span> <span class='ocrx_word' id='word_1_100' title='bbox 1537 1243 1620 1281; x_wconf 89' lang='lat' dir='ltr'>aut</span> <span class='ocrx_word' id='word_1_101' title='bbox 1640 1232 1838 1295; x_wconf 85' lang='lat' dir='ltr'>alicujus</span> 
     </span>
     <span class='ocr_line' id='line_1_14' title="bbox 415 1311 1835 1378; baseline -0.002 -19"><span class='ocrx_word' id='word_1_102' title='bbox 415 1312 618 1361; x_wconf 91' lang='lat' dir='ltr'>honoris</span> <span class='ocrx_word' id='word_1_103' title='bbox 632 1314 830 1378; x_wconf 85' lang='lat' dir='ltr'>gratiam</span> <span class='ocrx_word' id='word_1_104' title='bbox 847 1313 1196 1361; x_wconf 88' lang='lat' dir='ltr'>exhibebimus.</span> <span class='ocrx_word' id='word_1_105' title='bbox 1226 1332 1248 1357; x_wconf 87' lang='lat'>»</span> <span class='ocrx_word' id='word_1_106' title='bbox 1267 1316 1322 1359; x_wconf 89' lang='lat' dir='ltr'>Et</span> <span class='ocrx_word' id='word_1_107' title='bbox 1340 1313 1441 1360; x_wconf 87' lang='lat' dir='ltr'>haec</span> <span class='ocrx_word' id='word_1_108' title='bbox 1464 1313 1647 1371; x_wconf 72' lang='lat' dir='ltr'>dicem,</span> <span class='ocrx_word' id='word_1_109' title='bbox 1668 1311 1835 1358; x_wconf 89' lang='lat' dir='ltr'>relicto</span> 
     </span>
     <span class='ocr_line' id='line_1_15' title="bbox 416 1390 1836 1450; baseline -0.001 -13"><span class='ocrx_word' id='word_1_110' title='bbox 416 1400 525 1438; x_wconf 92' lang='lat' dir='ltr'>ante</span> <span class='ocrx_word' id='word_1_111' title='bbox 545 1392 689 1439; x_wconf 88' lang='lat' dir='ltr'>altare</span> <span class='ocrx_word' id='word_1_112' title='bbox 715 1391 968 1450; x_wconf 86' lang='lat' dir='ltr'>infantulo,</span> <span class='ocrx_word' id='word_1_113' title='bbox 996 1391 1236 1438; x_wconf 88' lang='lat' dir='ltr'>abierunt.</span> <span class='ocrx_word' id='word_1_114' title='bbox 1263 1393 1402 1438; x_wconf 85' lang='lat' dir='ltr'>Mane</span> <span class='ocrx_word' id='word_1_115' title='bbox 1427 1400 1587 1438; x_wconf 89' lang='lat' dir='ltr'>autem</span> <span class='ocrx_word' id='word_1_116' title='bbox 1609 1390 1734 1436; x_wconf 86' lang='lat' dir='ltr'>facto</span> <span class='ocrx_word' id='word_1_117' title='bbox 1759 1405 1836 1435; x_wconf 91' lang='lat' dir='ltr'>ve-</span> 
     </span>
     <span class='ocr_line' id='line_1_16' title="bbox 414 1467 1837 1530; baseline -0.001 -16"><span class='ocrx_word' id='word_1_118' title='bbox 414 1469 616 1530; x_wconf 87' lang='lat' dir='ltr'>nientes,</span> <span class='ocrx_word' id='word_1_119' title='bbox 637 1470 925 1516; x_wconf 89' lang='lat' dir='ltr'>invenerunt</span> <span class='ocrx_word' id='word_1_120' title='bbox 948 1486 1059 1516; x_wconf 91' lang='lat' dir='ltr'>eum</span> <span class='ocrx_word' id='word_1_121' title='bbox 1082 1469 1144 1516; x_wconf 89' lang='lat' dir='ltr'>ad</span> <span class='ocrx_word' id='word_1_122' title='bbox 1168 1468 1313 1515; x_wconf 91' lang='lat' dir='ltr'>altare</span> <span class='ocrx_word' id='word_1_123' title='bbox 1337 1485 1640 1529; x_wconf 89' lang='lat' dir='ltr'>conversum,</span> <span class='ocrx_word' id='word_1_124' title='bbox 1658 1478 1703 1515; x_wconf 90' lang='lat' dir='ltr'>et</span> <span class='ocrx_word' id='word_1_125' title='bbox 1720 1467 1837 1513; x_wconf 91' lang='lat' dir='ltr'>dum</span> 
     </span>
     <span class='ocr_line' id='line_1_17' title="bbox 412 1546 1839 1611; baseline -0.003 -17"><span class='ocrx_word' id='word_1_126' title='bbox 412 1546 781 1606; x_wconf 87' lang='lat' dir='ltr'>admirarentur,</span> <span class='ocrx_word' id='word_1_127' title='bbox 795 1547 1002 1611; x_wconf 88' lang='lat' dir='ltr'>suscepit</span> <span class='ocrx_word' id='word_1_128' title='bbox 1023 1563 1135 1593; x_wconf 89' lang='lat' dir='ltr'>eum</span> <span class='ocrx_word' id='word_1_129' title='bbox 1159 1556 1309 1592; x_wconf 88' lang='lat' dir='ltr'>mater</span> <span class='ocrx_word' id='word_1_130' title='bbox 1331 1546 1380 1592; x_wconf 91' lang='lat' dir='ltr'>in</span> <span class='ocrx_word' id='word_1_131' title='bbox 1405 1546 1547 1602; x_wconf 90' lang='lat' dir='ltr'>ulnis,</span> <span class='ocrx_word' id='word_1_132' title='bbox 1569 1554 1616 1591; x_wconf 89' lang='lat' dir='ltr'>et</span> <span class='ocrx_word' id='word_1_133' title='bbox 1638 1561 1839 1608; x_wconf 87' lang='lat' dir='ltr'>cognos-</span> 
     </span>
     <span class='ocr_line' id='line_1_18' title="bbox 414 1622 1832 1688; baseline -0.002 -18"><span class='ocrx_word' id='word_1_134' title='bbox 414 1640 528 1670; x_wconf 90' lang='lat' dir='ltr'>cens</span> <span class='ocrx_word' id='word_1_135' title='bbox 556 1640 668 1670; x_wconf 91' lang='lat' dir='ltr'>eum</span> <span class='ocrx_word' id='word_1_136' title='bbox 695 1624 1005 1688; x_wconf 89' lang='lat' dir='ltr'>resumpsisse</span> <span class='ocrx_word' id='word_1_137' title='bbox 1036 1623 1220 1683; x_wconf 88' lang='lat' dir='ltr'>flatum,</span> <span class='ocrx_word' id='word_1_138' title='bbox 1255 1623 1464 1688; x_wconf 87' lang='lat' dir='ltr'>applicat</span> <span class='ocrx_word' id='word_1_139' title='bbox 1495 1622 1556 1669; x_wconf 87' lang='lat' dir='ltr'>ad</span> <span class='ocrx_word' id='word_1_140' title='bbox 1588 1622 1832 1687; x_wconf 86' lang='lat' dir='ltr'>papillam,</span> 
     </span>
     <span class='ocr_line' id='line_1_19' title="bbox 415 1701 1840 1766; baseline -0.002 -18"><span class='ocrx_word' id='word_1_141' title='bbox 415 1702 497 1766; x_wconf 90' lang='lat' dir='ltr'>qui</span> <span class='ocrx_word' id='word_1_142' title='bbox 517 1702 753 1766; x_wconf 87' lang='lat' dir='ltr'>protinus,</span> <span class='ocrx_word' id='word_1_143' title='bbox 767 1701 940 1748; x_wconf 84' lang='lat' dir='ltr'>hausto</span> <span class='ocrx_word' id='word_1_144' title='bbox 961 1701 1099 1759; x_wconf 88' lang='lat' dir='ltr'>lacte,</span> <span class='ocrx_word' id='word_1_145' title='bbox 1124 1701 1420 1748; x_wconf 88' lang='lat' dir='ltr'>confortatus</span> <span class='ocrx_word' id='word_1_146' title='bbox 1439 1710 1525 1747; x_wconf 88' lang='lat' dir='ltr'>est.</span> <span class='ocrx_word' id='word_1_147' title='bbox 1542 1703 1674 1746; x_wconf 90' lang='lat' dir='ltr'>Tunc</span> <span class='ocrx_word' id='word_1_148' title='bbox 1690 1709 1840 1746; x_wconf 88' lang='lat' dir='ltr'>mater</span> 
     </span>
     <span class='ocr_line' id='line_1_20' title="bbox 412 1777 1838 1844; baseline -0.001 -18"><span class='ocrx_word' id='word_1_149' title='bbox 412 1795 526 1826; x_wconf 89' lang='lat' dir='ltr'>cum</span> <span class='ocrx_word' id='word_1_150' title='bbox 549 1789 684 1844; x_wconf 89' lang='lat' dir='ltr'>patre</span> <span class='ocrx_word' id='word_1_151' title='bbox 707 1791 755 1827; x_wconf 92' lang='lat' dir='ltr'>et</span> <span class='ocrx_word' id='word_1_152' title='bbox 780 1780 914 1826; x_wconf 87' lang='lat' dir='ltr'>omni</span> <span class='ocrx_word' id='word_1_153' title='bbox 940 1780 1110 1840; x_wconf 92' lang='lat' dir='ltr'>domo,</span> <span class='ocrx_word' id='word_1_154' title='bbox 1127 1780 1308 1827; x_wconf 88' lang='lat' dir='ltr'>elevata</span> <span class='ocrx_word' id='word_1_155' title='bbox 1327 1780 1375 1826; x_wconf 91' lang='lat' dir='ltr'>in</span> <span class='ocrx_word' id='word_1_156' title='bbox 1393 1780 1567 1826; x_wconf 84' lang='lat' dir='ltr'>coelum</span> <span class='ocrx_word' id='word_1_157' title='bbox 1592 1795 1729 1838; x_wconf 87' lang='lat' dir='ltr'>voce,</span> <span class='ocrx_word' id='word_1_158' title='bbox 1754 1777 1838 1825; x_wconf 90' lang='lat' dir='ltr'>be-</span> 
     </span>
     <span class='ocr_line' id='line_1_21' title="bbox 414 1856 1839 1920; baseline -0.001 -17"><span class='ocrx_word' id='word_1_159' title='bbox 414 1856 700 1903; x_wconf 88' lang='lat' dir='ltr'>nedixerunt</span> <span class='ocrx_word' id='word_1_160' title='bbox 714 1860 886 1918; x_wconf 87' lang='lat' dir='ltr'>Deum,</span> <span class='ocrx_word' id='word_1_161' title='bbox 912 1856 1125 1904; x_wconf 89' lang='lat' dir='ltr'>dicentes</span> <span class='ocrx_word' id='word_1_162' title='bbox 1147 1876 1157 1903; x_wconf 73' lang='grc' dir='ltr'>ε</span> <span class='ocrx_word' id='word_1_163' title='bbox 1189 1878 1210 1900; x_wconf 76' lang='grc' dir='ltr'>(ι</span> <span class='ocrx_word' id='word_1_164' title='bbox 1230 1859 1367 1904; x_wconf 90' lang='lat' dir='ltr'>Nunc</span> <span class='ocrx_word' id='word_1_165' title='bbox 1390 1857 1707 1920; x_wconf 87' lang='lat' dir='ltr'>cognovimus</span> <span class='ocrx_word' id='word_1_166' title='bbox 1726 1856 1839 1920; x_wconf 90' lang='lat' dir='ltr'>quia</span> 
     </span>
     <span class='ocr_line' id='line_1_22' title="bbox 416 1932 1837 1997; baseline -0.001 -17"><span class='ocrx_word' id='word_1_167' title='bbox 416 1950 616 1997; x_wconf 88' lang='lat' dir='ltr'>magnus</span> <span class='ocrx_word' id='word_1_168' title='bbox 647 1936 776 1981; x_wconf 91' lang='lat' dir='ltr'>Deus</span> <span class='ocrx_word' id='word_1_169' title='bbox 807 1951 874 1993; x_wconf 92' lang='lat' dir='ltr'>es,</span> <span class='ocrx_word' id='word_1_170' title='bbox 919 1944 966 1981; x_wconf 90' lang='lat' dir='ltr'>et</span> <span class='ocrx_word' id='word_1_171' title='bbox 996 1934 1110 1981; x_wconf 86' lang='lat' dir='ltr'>facis</span> <span class='ocrx_word' id='word_1_172' title='bbox 1139 1934 1374 1996; x_wconf 88' lang='lat' dir='ltr'>mirabilia</span> <span class='ocrx_word' id='word_1_173' title='bbox 1399 1933 1551 1992; x_wconf 90' lang='lat' dir='ltr'>solus,</span> <span class='ocrx_word' id='word_1_174' title='bbox 1583 1933 1666 1996; x_wconf 91' lang='lat' dir='ltr'>qui</span> <span class='ocrx_word' id='word_1_175' title='bbox 1698 1932 1837 1979; x_wconf 90' lang='lat' dir='ltr'>nobis</span> 
     </span>
     <span class='ocr_line' id='line_1_23' title="bbox 415 2011 1837 2076; baseline 0 -19"><span class='ocrx_word' id='word_1_176' title='bbox 415 2013 669 2076; x_wconf 89' lang='lat' dir='ltr'>parvulum</span> <span class='ocrx_word' id='word_1_177' title='bbox 704 2012 991 2060; x_wconf 88' lang='lat' dir='ltr'>confessoris</span> <span class='ocrx_word' id='word_1_178' title='bbox 1022 2013 1087 2059; x_wconf 90' lang='lat' dir='ltr'>tui</span> <span class='ocrx_word' id='word_1_179' title='bbox 1118 2012 1335 2061; x_wconf 89' lang='lat' dir='ltr'>oratione</span> <span class='ocrx_word' id='word_1_180' title='bbox 1365 2011 1624 2058; x_wconf 88' lang='lat' dir='ltr'>restituisti.</span> <span class='ocrx_word' id='word_1_181' title='bbox 1656 2030 1679 2055; x_wconf 73' lang='grc' dir='ltr'>υ</span> <span class='ocrx_word' id='word_1_182' title='bbox 1708 2013 1837 2057; x_wconf 92' lang='lat' dir='ltr'>Loco</span> 
     </span>
     <span class='ocr_line' id='line_1_24' title="bbox 414 2087 1836 2154; baseline -0.001 -21"><span class='ocrx_word' id='word_1_183' title='bbox 414 2097 576 2134; x_wconf 84' lang='lat' dir='ltr'>autern</span> <span class='ocrx_word' id='word_1_184' title='bbox 599 2088 666 2134; x_wconf 90' lang='lat' dir='ltr'>illi</span> <span class='ocrx_word' id='word_1_185' title='bbox 693 2089 925 2151; x_wconf 85' lang='lat' dir='ltr'>majorem</span> <span class='ocrx_word' id='word_1_186' title='bbox 946 2088 1173 2154; x_wconf 88' lang='lat' dir='ltr'>deinceps</span> <span class='ocrx_word' id='word_1_187' title='bbox 1195 2105 1338 2152; x_wconf 88' lang='lat' dir='ltr'>quam</span> <span class='ocrx_word' id='word_1_188' title='bbox 1360 2088 1492 2153; x_wconf 89' lang='lat' dir='ltr'>prius</span> <span class='ocrx_word' id='word_1_189' title='bbox 1514 2087 1738 2146; x_wconf 87' lang='lat' dir='ltr'>fecerant,</span> <span class='ocrx_word' id='word_1_190' title='bbox 1761 2103 1836 2133; x_wconf 92' lang='lat' dir='ltr'>re-</span> 
     </span>
     <span class='ocr_line' id='line_1_25' title="bbox 416 2164 1836 2230; baseline -0.001 -20"><span class='ocrx_word' id='word_1_191' title='bbox 416 2164 679 2211; x_wconf 88' lang='lat' dir='ltr'>verentiam</span> <span class='ocrx_word' id='word_1_192' title='bbox 699 2164 1005 2223; x_wconf 73' lang='lat' dir='ltr'>exhibebant.</span> <span class='ocrx_word' id='word_1_193' title='bbox 1038 2185 1061 2210; x_wconf 91' lang='lat'>»</span> <span class='ocrx_word' id='word_1_194' title='bbox 1098 2168 1208 2213; x_wconf 85' lang='lat' dir='ltr'>Haec</span> <span class='ocrx_word' id='word_1_195' title='bbox 1231 2164 1290 2212; x_wconf 89' lang='lat' dir='ltr'>ab</span> <span class='ocrx_word' id='word_1_196' title='bbox 1314 2164 1462 2230; x_wconf 89' lang='lat' dir='ltr'>ipsius</span> <span class='ocrx_word' id='word_1_197' title='bbox 1495 2164 1719 2211; x_wconf 88' lang='lat' dir='ltr'>Florentii</span> <span class='ocrx_word' id='word_1_198' title='bbox 1752 2179 1836 2209; x_wconf 85' lang='lat' dir='ltr'>ore</span> 
     </span>
     <span class='ocr_line' id='line_1_26' title="bbox 416 2239 873 2305; baseline 0.007 -21"><span class='ocrx_word' id='word_1_199' title='bbox 416 2239 479 2286; x_wconf 86' lang='lat' dir='ltr'>ita</span> <span class='ocrx_word' id='word_1_200' title='bbox 497 2250 626 2303; x_wconf 88' lang='lat' dir='ltr'>gesta</span> <span class='ocrx_word' id='word_1_201' title='bbox 650 2241 873 2305; x_wconf 86' lang='lat' dir='ltr'>cognovi.</span> 
     </span>
    </p>
   </div>
   <div class='ocr_carea' id='block_1_3' title="bbox 1000 2360 1250 2396">
    <p class='ocr_par' dir='ltr' id='par_1_3' title="bbox 1000 2360 1250 2396">
     <span class='ocr_line' id='line_1_27' title="bbox 1000 2360 1250 2396; baseline 0.004 -2"><span class='ocrx_word' id='word_1_202' title='bbox 1000 2360 1156 2394; x_wconf 84' lang='lat' dir='ltr'><strong>CAPUT</strong></span> <span class='ocrx_word' id='word_1_203' title='bbox 1182 2360 1250 2396; x_wconf 87' lang='lat' dir='ltr'>IX.</span> 
     </span>
    </p>
   </div>
   <div class='ocr_carea' id='block_1_4' title="bbox 797 2442 1455 2489">
    <p class='ocr_par' dir='ltr' id='par_1_4' title="bbox 797 2442 1455 2489">
     <span class='ocr_line' id='line_1_28' title="bbox 797 2442 1455 2489; baseline 0 -13"><span class='ocrx_word' id='word_1_204' title='bbox 797 2443 850 2476; x_wconf 90' lang='lat' dir='ltr'>De</span> <span class='ocrx_word' id='word_1_205' title='bbox 869 2453 912 2476; x_wconf 89' lang='lat' dir='ltr'>eo</span> <span class='ocrx_word' id='word_1_206' title='bbox 927 2442 989 2488; x_wconf 91' lang='lat' dir='ltr'>qui</span> <span class='ocrx_word' id='word_1_207' title='bbox 1006 2442 1131 2489; x_wconf 85' lang='lat' dir='ltr'>pedem</span> <span class='ocrx_word' id='word_1_208' title='bbox 1150 2442 1302 2477; x_wconf 85' lang='lat' dir='ltr'>debilem</span> <span class='ocrx_word' id='word_1_209' title='bbox 1318 2442 1455 2477; x_wconf 86' lang='lat' dir='ltr'>habuit.</span> 
     </span>
    </p>
   </div>
   <div class='ocr_carea' id='block_1_5' title="bbox 414 2538 1838 2837">
    <p class='ocr_par' dir='ltr' id='par_1_5' title="bbox 414 2538 1838 2837">
     <span class='ocr_line' id='line_1_29' title="bbox 481 2538 1837 2609; baseline 0.005 -24"><span class='ocrx_word' id='word_1_210' title='bbox 481 2538 690 2586; x_wconf 87' lang='lat' dir='ltr'>Clericus</span> <span class='ocrx_word' id='word_1_211' title='bbox 711 2550 809 2587; x_wconf 89' lang='lat' dir='ltr'>erat</span> <span class='ocrx_word' id='word_1_212' title='bbox 827 2540 888 2587; x_wconf 89' lang='lat' dir='ltr'>ab</span> <span class='ocrx_word' id='word_1_213' title='bbox 912 2540 1031 2588; x_wconf 91' lang='lat' dir='ltr'>urbe</span> <span class='ocrx_word' id='word_1_214' title='bbox 1052 2542 1260 2601; x_wconf 86' lang='lat' dir='ltr'>Pictava,</span> <span class='ocrx_word' id='word_1_215' title='bbox 1285 2543 1332 2588; x_wconf 91' lang='lat' dir='ltr'>in</span> <span class='ocrx_word' id='word_1_216' title='bbox 1359 2559 1473 2607; x_wconf 86' lang='lat' dir='ltr'>agro</span> <span class='ocrx_word' id='word_1_217' title='bbox 1493 2544 1615 2591; x_wconf 88' lang='lat' dir='ltr'>illius</span> <span class='ocrx_word' id='word_1_218' title='bbox 1630 2546 1837 2609; x_wconf 88' lang='lat' dir='ltr'>regionis</span> 
     </span>
     <span class='ocr_line' id='line_1_30' title="bbox 414 2616 1838 2689; baseline 0.006 -27"><span class='ocrx_word' id='word_1_219' title='bbox 414 2616 497 2679; x_wconf 88' lang='lat' dir='ltr'>qui</span> <span class='ocrx_word' id='word_1_220' title='bbox 520 2616 581 2663; x_wconf 85' lang='lat' dir='ltr'>ad</span> <span class='ocrx_word' id='word_1_221' title='bbox 605 2628 816 2689; x_wconf 85' lang='lat' dir='ltr'>sanctam</span> <span class='ocrx_word' id='word_1_222' title='bbox 848 2618 1089 2666; x_wconf 88' lang='lat' dir='ltr'>basilicam</span> <span class='ocrx_word' id='word_1_223' title='bbox 1115 2621 1398 2684; x_wconf 85' lang='lat' dir='ltr'>pertinebat,</span> <span class='ocrx_word' id='word_1_224' title='bbox 1428 2622 1568 2669; x_wconf 89' lang='lat' dir='ltr'>unius</span> <span class='ocrx_word' id='word_1_225' title='bbox 1592 2640 1678 2669; x_wconf 89' lang='lat' dir='ltr'>usu</span> <span class='ocrx_word' id='word_1_226' title='bbox 1703 2623 1838 2688; x_wconf 89' lang='lat' dir='ltr'>pedis</span> 
     </span>
     <span class='ocr_line' id='line_1_31' title="bbox 415 2692 1838 2770; baseline 0.006 -31"><span class='ocrx_word' id='word_1_227' title='bbox 415 2692 602 2756; x_wconf 84' lang='lat' dir='ltr'>debilis,</span> <span class='ocrx_word' id='word_1_228' title='bbox 630 2711 792 2759; x_wconf 87' lang='lat' dir='ltr'>quem,</span> <span class='ocrx_word' id='word_1_229' title='bbox 825 2696 1010 2770; x_wconf 64' lang='lat' dir='ltr'>utipse</span> <span class='ocrx_word' id='word_1_230' title='bbox 1044 2697 1299 2757; x_wconf 82' lang='lat' dir='ltr'>asserebat,</span> <span class='ocrx_word' id='word_1_231' title='bbox 1335 2715 1421 2763; x_wconf 89' lang='lat' dir='ltr'>per</span> <span class='ocrx_word' id='word_1_232' title='bbox 1455 2699 1700 2747; x_wconf 89' lang='lat' dir='ltr'>incursum</span> <span class='ocrx_word' id='word_1_233' title='bbox 1733 2700 1838 2747; x_wconf 76' lang='lat' dir='ltr'>dae—</span> 
     </span>
     <span class='ocr_line' id='line_1_32' title="bbox 416 2771 1834 2837; baseline 0.006 -22"><span class='ocrx_word' id='word_1_234' title='bbox 416 2771 566 2818; x_wconf 89' lang='lat' dir='ltr'>monii</span> <span class='ocrx_word' id='word_1_235' title='bbox 588 2771 839 2820; x_wconf 89' lang='lat' dir='ltr'>meridiani</span> <span class='ocrx_word' id='word_1_236' title='bbox 864 2772 1064 2837; x_wconf 87' lang='lat' dir='ltr'>perdide</span> <span class='ocrx_word' id='word_1_237' title='bbox 1096 2783 1160 2820; x_wconf 74' lang='lat' dir='ltr'>at.</span> <span class='ocrx_word' id='word_1_238' title='bbox 1190 2775 1283 2831; x_wconf 89' lang='lat' dir='ltr'>Qui</span> <span class='ocrx_word' id='word_1_239' title='bbox 1307 2775 1456 2823; x_wconf 90' lang='lat' dir='ltr'>inciso</span> <span class='ocrx_word' id='word_1_240' title='bbox 1478 2776 1599 2824; x_wconf 87' lang='lat' dir='ltr'>fuste</span> <span class='ocrx_word' id='word_1_241' title='bbox 1615 2776 1675 2824; x_wconf 89' lang='lat' dir='ltr'>ad</span> <span class='ocrx_word' id='word_1_242' title='bbox 1701 2794 1834 2824; x_wconf 88' lang='lat' dir='ltr'>men-</span> 
     </span>
    </p>
   </div>
  </div>
 </body>
</html>
