2028 3458
1124 554 1201 597 DE

499 696 1034 769 VIRTUTIBUS
1084 696 1396 766 SANCTI
1448 698 1824 767 MARTINI

1018 859 1299 897 EPISCOPI.

847 1214 1071 1272 LIBER
1135 1213 1477 1272 TERTIUS.

509 1394 736 1451 Tertium,
765 1392 1016 1439 ordinante
1040 1391 1249 1451 Christo,
1286 1391 1499 1439 libellum
1529 1392 1589 1439 de
1620 1392 1870 1440 virtutibus

443 1471 572 1518 beati
592 1469 779 1516 Martini
806 1468 1012 1515 scribere
1035 1469 1331 1533 incipientes,
1360 1469 1531 1531 gratias
1554 1469 1738 1532 agimus
1763 1487 1867 1516 om-

444 1548 681 1612 nipotenti
705 1550 827 1604 Deo,
853 1546 936 1610 qui
959 1546 1098 1593 nobis
1124 1546 1266 1593 talem
1296 1546 1535 1593 medicum
1565 1546 1773 1593 tribuere
1797 1547 1869 1593 di·

446 1636 614 1689 gnatus
640 1633 726 1683 est,
758 1624 839 1688 qui
871 1622 1171 1670 infirmitates
1193 1633 1378 1670 nostras
1404 1634 1644 1688 purgaret,
1671 1624 1869 1671 vulnera

445 1704 665 1762 dilueret,
693 1718 749 1749 ac
781 1701 989 1749 salubria
1018 1701 1368 1749 medicamenta
1396 1702 1647 1749 conferret.
1682 1705 1801 1748 Nam
1830 1704 1869 1750 si

443 1782 505 1829 ad
524 1782 624 1844 ejus
642 1780 837 1827 beatum
862 1780 1101 1827 tumulum
1122 1779 1401 1827 humilietur
1420 1781 1625 1838 animus,
1648 1789 1693 1827 et
1711 1783 1866 1828 oratio

444 1860 745 1919 sublimetur,
773 1860 811 1905 si
839 1858 1052 1907 defluant
1084 1858 1305 1922 lacrymae
1341 1868 1388 1905 et
1421 1859 1733 1923 compunctio
1757 1876 1867 1907 vera

445 1937 670 1986 succedat
685 1972 698 1995 ,
726 1937 764 1983 si
787 1936 849 1983 ab
871 1938 969 1983 imo
990 1936 1138 1983 corde
1161 1936 1442 1983 emittantur
1464 1937 1666 2001 suspiria
1688 1946 1733 1983 et
1759 1954 1867 2001 pec-

443 2026 549 2062 tora
572 2014 843 2061 facinorosa
874 2014 1158 2072 tundantur,
1194 2015 1376 2061 invenit
1399 2015 1612 2078 ploratus
1636 2015 1860 2075 laetitiam,

441 2090 582 2155 culpa
619 2090 825 2148 veniam,
858 2090 998 2136 dolor
1031 2090 1236 2154 pectoris
1265 2091 1481 2154 pervenit
1509 2090 1570 2136 ad
1605 2090 1858 2138 medelam.

443 2171 564 2215 Nam
584 2167 754 2231 saepius
777 2176 929 2214 tactus
954 2166 1081 2214 beati
1106 2167 1308 2231 sepulcri
1333 2168 1582 2232 profluviis
1609 2168 1862 2233 imperavit

441 2248 622 2305 sistere,
670 2246 803 2292 caecis
842 2244 1022 2303 videre,
1066 2245 1335 2310 paralyticis
1368 2262 1574 2308 surgere,
1620 2255 1666 2292 et
1710 2246 1861 2310 ipsam

441 2339 636 2388 quoque
659 2322 865 2387 pectoris
884 2322 1255 2369 amaritudinem
1275 2322 1417 2386 longe
1434 2322 1694 2370 discedere.
1718 2323 1860 2380 Quod

441 2418 530 2465 ego
544 2399 828 2464 plerumque
852 2409 1092 2464 expertuS,
1120 2399 1370 2463 indignum
1398 2417 1473 2446 me
1481 2400 1647 2464 judico
1668 2410 1721 2447 ut
1738 2400 1862 2447 inter

439 2487 683 2525 tantorum
709 2477 1050 2523 miraculorum
1079 2476 1228 2523 moles
1257 2477 1400 2524 etiam
1435 2477 1514 2525 illa
1542 2477 1622 2524 hic
1653 2478 1857 2524 inseram

438 2571 543 2619 quae
569 2570 713 2618 super
737 2570 813 2600 me
840 2552 1029 2618 operari
1049 2552 1272 2615 dignatus
1292 2563 1378 2600 est.
1406 2554 1500 2601 Sed
1517 2556 1692 2601 iterum
1713 2555 1859 2602 timeo

435 2650 496 2679 ne
510 2631 712 2687 noxialis
725 2646 999 2696 appaream,
1023 2631 1061 2677 si
1078 2646 1134 2677 ea
1155 2640 1383 2696 tanquam
1401 2631 1731 2680 fraudulentus
1749 2631 1855 2679 abs-

434 2710 661 2757 condam.
698 2711 863 2755 Testor
894 2708 1023 2755 enim
1047 2711 1221 2769 Deum,
1246 2720 1293 2756 et
1321 2726 1454 2775 spem
1481 2710 1610 2758 illam
1635 2725 1781 2773 quam
1806 2710 1854 2755 in

432 2789 534 2852 eJus
566 2789 737 2835 virtute
762 2787 922 2852 posui,
948 2786 1146 2835 credens
1179 2804 1256 2835 me
1281 2788 1341 2835 ab
1373 2788 1496 2836 iltius
1527 2788 1854 2836 misericordia
