2028 3458
341 299 419 335 182
555 298 622 332 DE
651 293 943 333 VIRTUTIBUS
971 293 1143 331 SANCTI
1172 293 1397 332 MARTINI.
1418 312 1471 319 —
1489 293 1540 329 11.

342 385 598 433 lemnitatis
632 383 803 438 beatae,
841 380 957 427 dum
992 391 1120 428 stans
1157 381 1218 427 ad
1251 380 1395 445 pedes
1430 390 1610 438 oraret,
1653 395 1761 444 spe-

343 472 501 510 ctante
526 460 707 526 populo
733 458 902 504 directi
921 468 1030 503 sunt
1055 458 1186 521 digiti
1209 458 1339 521 ejus3
1367 457 1580 519 viditque
1605 456 1762 502 omnis

344 547 609 585 conventus
633 535 785 601 plebis
816 534 1053 597 magnalia
1082 534 1193 594 Dei,
1233 534 1433 596 qualiter
1465 533 1764 580 inficiebatur

345 632 514 662 manus
537 630 563 659 a
586 614 831 676 sanguine,
856 611 1240 673 ascendebatque
1263 611 1493 675 gradatim
1520 627 1606 675 per
1627 627 1765 657 aren-

346 703 415 739 tes
437 708 599 750 venas,
627 701 674 737 et
696 691 761 736 ita
785 699 884 737 erat
914 706 1085 736 manus
1107 688 1290 749 bibula,
1314 699 1370 735 -ut
1398 698 1589 753 putares
1618 704 1766 752 spon-

346 770 470 832 giam
499 768 583 815 diu
611 768 796 815 aridam
825 765 1034 832 lymphis
1065 766 1306 829 injectam,
1333 766 1547 813 sitienter
1574 765 1765 812 haurire

346 847 600 909 liquorem.
628 845 834 909 Repletis
856 860 971 906 ergo
992 843 1141 902 venis,
1167 841 1500 906 roboratisque
1522 843 1695 902 nervis,
1711 858 1767 888 ac

347 923 627 970 rubescente
649 932 757 969 cute
781 921 1009 986 pallidam
1026 936 1223 967 manum
1247 919 1413 966 extulit
1435 928 1666 966 sanatam.

916 1108 1074 1143 CAPUT
1099 1108 1196 1144 LVI.

579 1207 631 1240 De
649 1206 796 1240 muliere
808 1218 886 1251 quae
902 1204 1090 1239 contractis
1109 1204 1146 1238 in
1162 1204 1279 1251 palma
1296 1201 1415 1249 digitis
1429 1202 1538 1238 venit.

416 1309 520 1355 Pari
556 1306 921 1372 quodammodo
958 1306 1128 1354 ordine
1152 1304 1441 1351 Pictavensis
1467 1303 1636 1350 mulier
1664 1318 1774 1348 me-

351 1386 447 1431 ruit
471 1385 689 1432 obtinere
713 1384 968 1431 medelam.
995 1385 1115 1432 Nam
1134 1382 1235 1429 haec
1254 1381 1512 1428 contractis
1537 1381 1585 1426 in
1612 1380 1774 1426 volam

352 1461 524 1526 digitis,
556 1462 894 1526 unguibusque
918 1460 1084 1508 defixis
1110 1461 1157 1507 in
1184 1460 1314 1524 ipsiS,
1337 1467 1387 1504 ut
1408 1459 1473 1505 ita
1495 1458 1668 1517 dicam,
1697 1474 1774 1503 os-

353 1541 501 1598 sibus,
530 1550 630 1586 tota
647 1540 747 1603 jam
769 1556 912 1586 manu
937 1538 1219 1604 putrefacta,
1242 1537 1375 1583 venit
1397 1536 1458 1582 ad
1481 1536 1630 1582 sancti
1656 1534 1777 1581 sesti-

356 1618 549 1664 vitatem
582 1617 775 1675 devota,
809 1616 1071 1682 optabilem
1105 1624 1331 1679 expetens
1355 1614 1660 1660 medicinam.
1691 1612 1778 1673 lgi-

358 1705 450 1754 tur,
468 1695 690 1759 spectatis
705 1711 761 1741 ex
776 1711 912 1740 more
929 1692 1244 1751 solemnibus,
1262 1692 1377 1738 dicit
1397 1691 1491 1737 suis
1510 1709 1519 1736 :
1544 1710 1566 1734 «
1591 1693 1779 1751 Integro

357 1773 553 1835 quidem
577 1772 725 1820 corde
749 1772 809 1819 ad
829 1770 1195 1837 deposcendum
1213 1769 1338 1816 beati
1357 1768 1630 1833 praesidium
1645 1767 1779 1813 veni-

359 1868 487 1910 mus;
515 1851 598 1898 sed
622 1850 964 1898 obsistentibus
987 1849 1211 1915 peccatis,
1240 1866 1335 1894 non
1361 1847 1624 1894 meruimus
1648 1845 1781 1910 quod

360 1927 639 1992 petebamus
684 1928 919 1993 accipere.
965 1930 1308 1990 Consummata
1346 1941 1459 1988 ergo
1500 1940 1631 1970 nunc
1674 1939 1782 1969 ora-

361 2007 508 2067 tione,
547 2016 842 2053 revertamur
876 2006 937 2052 ad
974 2005 1206 2069 patriam,
1240 2003 1439 2050 fidentes
1471 2003 1530 2048 de
1568 2002 1783 2048 bonitate

362 2084 591 2148 praesulis,
618 2083 752 2148 quod
776 2099 981 2147 corpore
1006 2081 1246 2128 imbecillo
1269 2080 1420 2144 prosit
1442 2080 1610 2126 animae
1630 2078 1784 2125 fidelis

364 2162 537 2207 oratio.
566 2181 589 2205 »
612 2164 721 2207 Haec
744 2170 791 2207 et
810 2160 884 2206 his
904 2159 1074 2206 similia
1091 2159 1238 2218 aiens,
1255 2169 1299 2204 et
1322 2158 1456 2221 quasi
1474 2167 1639 2203 sancto
1661 2156 1785 2203 vale-

363 2237 542 2297 dicens,
572 2239 800 2286 discessit.
837 2241 1071 2301 Vergente
1098 2252 1294 2300 quoque
1322 2236 1371 2281 iu
1404 2251 1650 2299 vesperam
1686 2233 1782 2291 die,

368 2332 522 2381 prope
558 2317 713 2363 amnis
748 2315 882 2363 Caris
929 2315 1083 2379 ripam
1120 2313 1302 2377 accepit
1344 2313 1663 2358 mansionem.
1716 2310 1786 2358 Ad

364 2393 579 2440 medium
601 2403 761 2440 autem
797 2393 893 2439 fere
926 2391 1081 2438 noctis
1111 2390 1456 2455 expergefacta,
1491 2390 1661 2451 gratias
1683 2391 1787 2435 Deo

363 2470 522 2528 refert,
560 2470 694 2534 quod
731 2479 870 2530 esset,
905 2468 1039 2533 quod
1071 2468 1270 2523 viveret,
1312 2467 1444 2530 quod
1483 2468 1677 2530 vigeret,
1713 2466 1786 2511 vel

365 2547 498 2611 quod
527 2546 656 2594 beati
697 2546 939 2611 pontificis
967 2545 1206 2591 tumulum
1243 2544 1469 2606 attigisset
1499 2564 1509 2590 ;
1550 2561 1655 2607 quae
1678 2560 1788 2589 cum

365 2625 575 2672 maximo
610 2625 722 2689 fletu
752 2623 1005 2688 proferret,
1035 2624 1208 2669 iterum
1240 2622 1549 2668 obdormivit.
1591 2624 1647 2667 Et
1679 2637 1788 2667 ecce

364 2701 436 2747 vir
454 2702 586 2748 crine
602 2717 802 2765 cycneo,
820 2700 1380 2764 indumentopurpureo,
1398 2715 1588 2745 crucem
1603 2708 1790 2760 gestans

367 2795 531 2839 manu,
561 2789 690 2827 stans
721 2789 832 2826 ante
866 2795 970 2826 eam
995 2779 1089 2825 ait:
1122 2799 1143 2821 «
1174 2781 1311 2826 Nunc
1345 2793 1459 2824 sana
1490 2777 1582 2823 eris
1616 2776 1662 2821 in
1698 2790 1787 2820 no-
