2028 3458
460 254 536 292 364
823 254 890 289 DE
919 251 1106 289 GLORIA
1134 252 1507 290 CONFESSORUM.

1034 427 1190 462 CAPUT
1220 427 1288 462 XI.

734 549 788 582 De
803 547 992 583 virtutibus
1010 548 1086 595 ejus
1099 546 1434 583 Ternodorensibus
1453 549 1611 586 ostensis.

519 666 645 715 Infra
666 667 926 714 terminum
948 676 1111 714 autem
1132 666 1529 727 Ternodorensis¹
1553 668 1720 730 castri,
1750 669 1882 732 quod

452 745 514 794 a'd
551 745 861 807 Lingonicam
896 745 1136 792 civitatem
1158 746 1172 768 ²
1207 745 1440 810 pertinet,
1490 754 1590 792 erat
1635 745 1881 810 presbyter

452 840 613 888 gressu
629 822 798 870 debilis
822 840 832 869 ε
856 836 1063 887 cumque
1083 839 1170 887 per
1187 823 1313 870 viam
1332 832 1566 887 pergeret,
1588 840 1693 887 quae
1713 823 1775 870 ad
1794 825 1881 870 Dei

452 901 700 949 ecclesiam
711 900 860 963 ducit,
876 900 1075 948 obvium
1091 899 1260 948 habuit
1276 917 1439 948 senem
1457 917 1567 947 cum
1584 916 1750 966 puero.
1772 904 1882 948 Erat

452 990 613 1028 autem
644 989 844 1045 uterque
874 980 1096 1042 clericus,
1133 980 1344 1045 datoque
1374 980 1465 1028 sibi
1492 981 1697 1028 invicem
1718 981 1883 1029 saluta-

453 1057 597 1104 tionis
619 1073 840 1118 occursu,
867 1056 984 1103 dixit
1007 1074 1150 1103 senex
1185 1057 1246 1104 ad
1270 1057 1602 1122 presbyterum
1630 1076 1640 1103 :
1673 1078 1695 1101 «
1711 1058 1791 1104 Vis
1809 1075 1884 1106 sa-

452 1151 543 1182 nus
561 1133 694 1181 fieri?
713 1155 733 1177 »
755 1135 841 1181 Cui
855 1134 958 1183 ille:
982 1155 1003 1177 <c
1023 1137 1079 1180 Et
1100 1135 1216 1199 quid
1230 1135 1500 1183 humanum
1518 1152 1666 1199 genus
1684 1136 1885 1201 amplius

452 1214 748 1278 concupiscit
770 1212 966 1272 babere,
995 1214 1086 1260 nisi
1113 1223 1164 1259 ut
1184 1230 1348 1278 sospes
1370 1214 1496 1260 vivat
1516 1214 1564 1259 in
1589 1215 1830 1279 corpore?
1858 1236 1880 1258 »

453 1292 512 1337 Et
528 1307 688 1350 senex,
713 1290 837 1338 sacto
860 1290 1011 1337 beatae
1031 1291 1185 1337 crucis
1208 1290 1454 1354 signaculo
1471 1307 1613 1355 super
1631 1291 1880 1355 poplitem,

454 1368 572 1414 dixit
606 1368 885 1433 presbytero
915 1387 925 1415 ε
971 1389 993 1413 κ
1031 1371 1083 1414 In
1122 1369 1319 1415 nomine
1359 1368 1555 1415 Domini
1593 1370 1743 1415 nostri
1775 1372 1883 1415 Jesu

454 1445 644 1506 Christi,
667 1446 867 1492 extende
889 1445 1063 1510 pedem
1095 1454 1247 1492 tuum.
1284 1467 1304 1488 »
1333 1449 1490 1503 Quem
1516 1446 1764 1511 presbyter
1783 1448 1885 1493 sine

454 1540 586 1571 mora
602 1524 877 1584 extendens,
901 1540 1070 1571 sanum
1089 1524 1150 1571 ad
1165 1540 1213 1571 se
1229 1523 1415 1570 reduxit
1438 1542 1447 1570 :
1473 1535 1517 1571 et
1530 1525 1701 1588 gratias
1720 1541 1882 1587 agens,

453 1602 542 1648 iter
564 1618 661 1665 quo
677 1601 904 1667 pergebat
925 1618 1062 1665 agere
1085 1602 1246 1666 coepit.
1268 1604 1548 1665 Vocatoque
1566 1619 1643 1663 eo,
1665 1619 1783 1667 puer
1803 1603 1886 1666 qui

456 1695 567 1726 cum
589 1695 700 1726 sene
724 1689 843 1740 erat,
874 1680 940 1726 ait
961 1697 971 1726 :
999 1699 1021 1722 α
1046 1682 1103 1726 Et
1123 1679 1213 1726 scis
1239 1679 1485 1744 presbyter
1508 1680 1614 1744 quis
1637 1690 1705 1726 est
1734 1680 1816 1743 qui
1841 1689 1886 1726 te

452 1756 656 1804 reddidit
671 1758 859 1804 sanitati
874 1758 960 1804 ?—
968 1760 1158 1821 Ignoro,
1171 1776 1192 1801 »
1205 1757 1286 1804 ait.
1304 1757 1391 1804 Cui
1404 1757 1503 1804 ille:
1521 1778 1541 1802 «
1559 1760 1758 1804 Sanctus
1768 1760 1887 1804 Mar-

453 1835 580 1881 tinus
590 1838 625 1881 T
629 1836 836 1882 uronicae
852 1834 984 1882 urbis
1004 1835 1215 1892 antistes,
1230 1835 1330 1899 ipse
1342 1844 1386 1882 te
1406 1835 1577 1883 virtute
1595 1851 1681 1882 sua
1694 1835 1884 1881 sanitati

453 1912 670 1958 restituit.
697 1914 761 1959 Te
782 1928 897 1958 vero
922 1912 969 1958 in
1003 1912 1112 1958 loco
1132 1912 1180 1958 in
1205 1929 1303 1976 quo
1324 1921 1540 1959 sanctum
1562 1922 1684 1959 stare
1707 1912 1880 1971 vidisti,

454 1990 719 2036 oratorium
743 1989 844 2036 sine
868 2005 1005 2036 mora
1033 1984 1240 2061 aedifica3
1273 1990 1361 2036 erit
1386 1990 1514 2035 enim
1542 1989 1732 2054 populis
1753 1987 1884 2035 salu-

453 2064 557 2124 bre,
573 2067 610 2113 si
627 2084 731 2131 quae
748 2067 923 2132 loquor
937 2068 1215 2132 expleveris.
1231 2087 1254 2111 »
1271 2070 1365 2115 Nec
1385 2077 1599 2115 moratus
1613 2066 1878 2132 presbyter,

454 2144 717 2191 oratorium
738 2145 785 2190 in
806 2145 978 2191 eodem
1001 2145 1089 2192 situ
1112 2145 1399 2206 construxit3
1428 2145 1475 2191 in
1506 2161 1603 2209 quo
1637 2161 1767 2191 nunc
1800 2162 1885 2191 nu-

452 2238 538 2287 per
559 2223 693 2269 multi
723 2222 969 2288 paralytici
998 2217 1227 2287 gressum,
1253 2223 1458 2287 caecique
1492 2223 1645 2270 visum
1671 2223 1884 2288 recipere

454 2310 749 2347 meruerunt.

505 2482 519 2527 (
528 2482 562 2527 Ι)
583 2481 704 2527 2204,
726 2479 789 2518 hic
808 2488 845 2518 et
863 2479 965 2517 infra
987 2481 1287 2517 Ternoderensis.

506 2547 560 2594 (Ξ)
584 2546 696 2595 Quod
719 2555 774 2582 est
802 2549 961 2582 vicinum
986 2548 1192 2596 Lingonice
1221 2549 1380 2593 civitati,
1405 2547 1534 2593 27913
1557 2549 1673 2583 castri
1704 2546 1883 2596 Ligom‘ce

454 2612 631 2657 civitatis,
652 2609 773 2648 5329.
