2028 3458
473 306 547 343 226
687 303 753 339 DE
780 298 1070 338 VIRTUTIBUS
1096 298 1267 336 SANCTI
1295 297 1515 334 MARTINI.
1540 295 1656 331 -ῙΙ.

473 402 543 440 est
563 398 783 438 autemut
806 388 853 433 in
879 402 973 432 una
989 385 1334 432 dominicarum
1352 393 1511 443 nocte,
1526 383 1641 429 dum
1662 383 1709 428 in
1725 380 1871 428 domo

476 468 675 532 hospitis
712 466 783 511 sui
817 462 1140 520 decumberet,
1175 462 1335 508 subito
1368 461 1501 507 locus
1531 460 1607 506 ille
1639 460 1873 505 immenso

475 544 734 609 repleretur
755 541 950 600 lumine,
979 549 1025 586 et
1042 555 1153 586 ecce
1175 538 1254 584 hic
1276 553 1452 602 pavore
1476 537 1750 601 perterritus
1774 535 1877 582 solo

477 619 810 686 prosternitur.
838 620 894 663 Et
917 617 1069 663 statim
1093 615 1220 661 visus
1250 624 1319 660 est
1339 614 1382 661 ei
1414 615 1483 660 vir
1509 613 1703 676 quidam
1726 628 1878 659 sacer—

478 696 625 744 dotali
647 694 814 742 habitu
848 703 1085 757 comptus,
1111 688 1193 755 qui
1226 700 1421 754 tangens
1452 707 1580 748 eum,
1612 700 1656 737 et
1689 705 1879 735 crucem

478 773 650 819 Christi
676 770 819 817 fronti
837 770 936 832 ejus
951 770 1222 833 imponens,
1239 768 1301 813 ait
1322 784 1333 810 :
1365 786 1387 810 «
1404 767 1636 812 Dominus
1652 775 1695 812 te
1713 782 1882 811 sanum

479 851 602 897 fecit.
634 851 797 911 Surge,
830 857 876 893 et
901 861 1106 910 propera
1138 845 1198 891 ad
1231 844 1491 901 ecclesiam,
1518 852 1565 889 et
1601 859 1685 904 age
1714 842 1883 904 gratias

480 930 581 973 Deo
607 936 705 973 tuo.
726 947 746 967 υ
775 928 877 988 lpse
902 932 1059 970 autem
1086 922 1265 969 elevata
1287 938 1398 967 cum
1424 921 1676 983 gratiarum
1699 920 1883 964 actione

481 1019 615 1060 voce,
642 1000 930 1048 clamoribus
948 999 1166 1045 viciniam
1191 998 1414 1062 complet.
1440 997 1570 1043 Illico
1594 1005 1887 1042 concurrunt

481 1095 648 1126 omnes
667 1077 729 1124 ad
751 1075 1088 1141 spectaculum,
1116 1084 1162 1122 et
1180 1074 1412 1120 mirantur
1428 1072 1722 1137 loquentem,
1744 1087 1887 1134 quem

480 1156 632 1221 pridie
652 1153 869 1202 viderant
893 1162 1098 1198 mutum.
1127 1155 1306 1198 Interea
1334 1151 1520 1213 signum
1558 1157 1779 1195 movetur
1799 1147 1888 1193 ho-

482 1234 545 1280 ris
564 1231 804 1279 matutinis
826 1248 836 1275 z
864 1238 1141 1293 aggregatur
1160 1238 1205 1275 et
1223 1227 1447 1292 populus,
1475 1226 1735 1289 vigiliisque
1758 1224 1886 1271 cele-

485 1310 648 1370 bratiS‚
683 1309 831 1355 virtus
857 1307 1005 1354 sancti
1034 1305 1286 1353 clarificata
1318 1304 1573 1370 perpatuit.
1603 1304 1684 1350 His
1719 1302 1890 1349 diebus

487 1386 584 1434 duo
618 1383 927 1447 energumeni
956 1383 1005 1429 in
1038 1382 1133 1428 hoc
1163 1381 1290 1441 loco,
1329 1381 1479 1444 ejecto
1516 1379 1750 1439 daemone,
1785 1387 1894 1425 sunt

488 1462 720 1510 mundati.

1037 1617 1191 1652 CAPUT
1219 1617 1356 1651 XXIV.

1022 1714 1073 1747 De
1089 1714 1167 1747 oleo
1184 1719 1369 1746 crescente.

555 1816 648 1863 Sed
685 1826 945 1863 revertatur
977 1815 1038 1862 ad
1071 1815 1320 1863 Aredium¹
1356 1812 1591 1870 nostrum,
1622 1815 1721 1860 imo
1757 1814 1897 1860 etiam

491 1893 797 1958 peculiarem,
826 1903 877 1939 ut
903 1893 964 1939 ita
985 1892 1157 1953 dicam,
1184 1892 1309 1939 beati
1329 1891 1611 1939 confessoris
1633 1890 1898 1948 alumnum,

492 1971 569 2015 cui
592 1970 757 2033 saepius
780 1969 840 2016 de
863 1970 957 2015 suis
1001 1969 1281 2032 pignoribus
1310 1985 1504 2015 cernere
1534 1969 1759 2014 miracula
1786 1985 1902 2032 prae-

496 2053 602 2090 stat.
631 2045 717 2090 Hic
740 2044 801 2090 ad
826 2044 1120 2090 festivitatem
1138 2046 1287 2091 sancti
1310 2061 1419 2091 cum
1439 2044 1518 2091 illa
1540 2060 1635 2108 qua
1653 2044 1817 2090 solitus
1835 2054 1905 2090 cst

498 2119 804 2181 benignitate,
831 2119 1094 2165 humilitate
1122 2129 1168 2166 et
1201 2120 1428 2167 charitate
1464 2121 1695 2185 pervenit.
1735 2123 1903 2183 Regre-

499 2196 635 2243 diens
656 2212 770 2242 vero
793 2195 1052 2259 ampullam
1077 2196 1321 2260 parvulam
1336 2196 1395 2243 de
1415 2197 1521 2243 oleo
1540 2198 1687 2243 sancti
1701 2197 1903 2261 sepulcri

501 2272 787 2336 completam
809 2288 967 2318 secum
986 2272 1169 2327 detulit,
1190 2272 1353 2319 dicens
1371 2290 1382 2317 τ
1413 2293 1434 2317 «
1454 2274 1668 2320 Forsitan
1692 2273 1907 2320 infirmus

502 2349 670 2412 aliquis
691 2348 741 2394 in
764 2348 839 2395 via
860 2348 1009 2406 adest,
1037 2349 1118 2411 qui
1140 2364 1168 2395 a
1198 2348 1321 2395 beati
1350 2350 1535 2395 Martini
1563 2349 1662 2396 aede
1693 2350 1910 2397 benedic-

504 2427 703 2483 tionem,
724 2424 871 2472 corde
885 2435 1218 2489 compunctus,
1239 2427 1450 2490 accipere
1468 2426 1751 2475 desideret.»
1767 2429 1912 2475 Deni-

505 2503 667 2567 quein
696 2502 907 2567 quodam
942 2502 1051 2549 loco
1075 2503 1246 2549 devota
1281 2504 1450 2550 mulier
1476 2506 1669 2551 accessit
1693 2505 1754 2552 ad
1779 2522 1906 2561 eum,

504 2579 733 2626 exhibens
750 2578 1007 2641 ampullam
1026 2578 1165 2625 aliam
1180 2595 1289 2625 cum
1309 2579 1435 2638 ole0‚
1459 2580 1642 2628 dicens:
1662 2602 1683 2624 «
1704 2584 1832 2645 Rogo
1847 2591 1910 2639 te,

558 2767 608 2813 (l)
626 2765 672 2802 Et
698 2763 760 2803 hic
793 2763 884 2803 editi
907 2766 1061 2803 Aridus.
1086 2767 1164 2813 (R.)
1183 2786 1235 2794 -—
1256 2768 1350 2803 3801
1377 2768 1563 2805 Aridicem.
