2028 3458
461 286 510 323 24
680 285 745 320 DE
774 280 1064 319 VIRTUTIBUS
1093 279 1265 315 SANCTI
1293 277 1516 313 MARTINI.
1543 297 1593 303 —
1619 277 1649 312 Ι.

1035 431 1191 467 CAPUT
1222 431 1289 465 VI.

712 535 765 568 De
779 530 1007 567 translatione
1020 528 1113 564 beati
1133 527 1295 576 corporis
1311 527 1420 562 sancti
1436 527 1582 562 Martini
1598 535 1621 564 ¹.

526 635 693 698 Operae
717 629 922 695 pretium
958 636 1027 674 est
1064 625 1192 672 enim
1230 624 1372 672 etiam
1396 624 1513 671 illud
1543 625 1751 671 inserere
1781 623 1879 671 lec-

461 711 604 771 tioni,
644 706 844 772 qualiter
875 714 1092 774 sanctum
1125 703 1226 766 ejus
1262 702 1601 767 corpusculum
1632 702 1679 748 in
1717 701 1879 748 locum

462 786 543 833 ubi
567 801 695 832 nunc
725 782 951 843 adoratur
988 780 1150 837 suerit,
1187 778 1358 842 angelo
1390 789 1654 839 annuente,
1683 778 1880 825 transla-

462 876 581 912 tum.
614 866 749 909 Anno
770 859 1061 923 sexagesimo
1087 866 1256 922 quarto
1285 866 1394 922 post
1418 857 1666 903 transitum
1691 857 1882 920 gloriosi

462 941 629 989 domni
662 938 864 999 Martini,
891 937 1059 985 beatus
1088 940 1349 1002 Perpetuus
1372 935 1618 982 Turonicae
1647 934 1769 982 sedis
1801 952 1883 982 ca-

461 1019 679 1066 thedram
710 1018 902 1064 sortitus
921 1026 990 1063 est
1013 1015 1269 1082 dignitatis.
1298 1013 1602 1079 Adeptusque
1625 1012 1756 1059 hunc
1781 1013 1882 1077 api-

463 1114 586 1156 cem,
611 1113 723 1143 cum
747 1111 922 1158 magno
956 1093 1243 1140 devotorum
1267 1107 1532 1150 consensu,
1572 1089 1884 1137 fundamenta

462 1173 644 1239 templi,
672 1172 904 1238 ampliora
926 1187 1071 1235 quam
1099 1170 1303 1229 fuerant,
1334 1185 1477 1233 super
1500 1167 1639 1215 beata
1667 1167 1885 1214 membra

463 1252 621 1299 locare
640 1250 873 1315 disposuit
891 1269 903 1309 3
926 1247 1059 1312 quod
1077 1246 1230 1311 sagaci
1254 1246 1475 1293 insistens
1490 1245 1667 1306 studio,
1684 1243 1884 1291 mirifice

463 1328 751 1394 mancipavit
789 1327 997 1374 effectui.
1047 1329 1116 1372 De
1154 1341 1249 1389 qua
1293 1323 1467 1370 fabrica
1507 1323 1712 1370 multum
1751 1322 1884 1387 quod

463 1407 770 1471 loqueremur
808 1415 932 1466 erat;
981 1403 1064 1450 sed
1100 1403 1215 1468 quia
1258 1418 1464 1467 praesens
1501 1411 1600 1458 est,
1647 1400 1886 1447 conticere

466 1484 635 1532 exinde
676 1482 843 1530 melius
887 1481 1177 1547 putavimus.
1225 1479 1516 1530 Adveniente
1559 1494 1674 1541 ergo
1721 1487 1886 1543 optato

466 1572 683 1627 tempore
717 1558 948 1607 sacerdoti
985 1567 1036 1605 ut
1065 1558 1295 1623 templum
1331 1555 1659 1614 dedicaretur,
1689 1565 1735 1601 et
1758 1571 1889 1601 sanc-

467 1649 570 1686 tum
596 1637 932 1704 corpusculum
958 1653 986 1684 a
1006 1636 1116 1683 loco
1140 1635 1223 1683 ubi
1245 1635 1484 1700 sepultum
1506 1634 1653 1680 fuerat
1671 1632 1890 1679 transfer-

467 1729 613 1778 retur,
645 1717 929 1765 convocavit
964 1715 1131 1763 beatus
1168 1718 1430 1780 Perpetuus
1459 1711 1521 1759 ad
1553 1711 1680 1758 diem
1718 1711 1889 1757 festum

469 1797 651 1843 vicinos
673 1794 941 1861 pontifices,
971 1794 1054 1841 sed
1076 1803 1123 1841 et
1147 1792 1376 1840 abbatum
1400 1808 1455 1838 ac
1477 1790 1772 1837 diversorum
1796 1788 1890 1836 cle-

471 1875 679 1921 ricorum
704 1890 804 1920 non
833 1873 1082 1919 minimam
1105 1870 1480 1918 multitudinem.
1508 1872 1565 1915 Et
1590 1869 1702 1933 quia
1723 1868 1819 1915 hoc
1842 1868 1889 1914 in

472 1951 686 1999 kalendis
704 1951 831 2015 juliis
855 1967 991 2016 agere
1014 1949 1222 2007 volebat,
1255 1948 1444 2012 vigilata
1468 1964 1563 1994 una
1586 1956 1745 2007 nocte,
1770 1946 1893 1993 facto

475 2046 639 2089 mane,
678 2040 873 2095 accepto
910 2029 1121 2089 sarcu10,
1148 2038 1326 2074 terram
1360 2042 1466 2091 quae
1500 2041 1643 2090 super
1676 2033 1892 2071 sanctum

474 2118 575 2156 erat
608 2108 844 2155 tumulum
880 2116 1130 2173 coeperunt
1159 2105 1387 2154 effodere.
1417 2107 1526 2163 Quo
1550 2103 1761 2162 detecto,
1790 2119 1895 2149 ma-

475 2204 582 2247 nus,
603 2195 655 2232 ut
670 2202 779 2232 eum
797 2195 1176 2245 commoverent,
1198 2184 1432 2248 injiciunt,
1457 2182 1619 2247 ibique
1636 2179 1895 2228 multitudo

477 2274 577 2311 tota
599 2263 842 2324 laborans,
873 2263 990 2311 nihil
1018 2280 1213 2330 prorsus
1235 2279 1322 2329 per
1346 2272 1496 2310 totam
1522 2260 1649 2308 diem
1672 2259 1891 2325 profecit.

479 2458 667 2497 Ambrosii
686 2461 733 2496 de
751 2461 910 2497 transitu
926 2464 1046 2497 sancti
1064 2461 1231 2499 Martini
1253 2462 1420 2511 episcopi
1439 2467 1478 2495 et
1498 2458 1735 2508 confessoris,
1760 2458 1847 2495 Bec.
1887 2472 1895 2495 z

479 2528 642 2562 Recessit
663 2528 715 2566 D.
737 2535 860 2563 noster
879 2529 988 2563 Jesas
1007 2527 1198 2574 Christus,
1224 2530 1292 2575 qui
1309 2538 1391 2562 cum
1410 2525 1526 2562 Patre
1545 2533 1582 2561 et
1609 2524 1756 2573 Spiritu
1772 2530 1899 2559 sancto

480 2594 565 2626 olvit
588 2598 661 2627 etc.
678 2588 761 2642 (R.)

533 2652 589 2706 (1)
611 2656 723 2691 Deest
740 2653 815 2692 hoc
834 2663 948 2706 caput
966 2654 1004 2692 in
1025 2654 1134 2694 Colb.
1156 2654 1220 2702 b.;
1243 2654 1281 2693 in
1294 2654 1404 2692 Vinc.
1424 2662 1551 2692 autem
1571 2661 1608 2690 et
1627 2655 1715 2691 Bec.
1737 2650 1901 2689 habetur

481 2726 587 2756 extra
608 2718 799 2765 ordinem,
821 2728 857 2756 et
878 2719 1032 2770 quidem
1053 2720 1090 2757 in
1115 2720 1222 2758 Vinc.
1247 2719 1318 2757 sub
1337 2719 1446 2757 titulo
1468 2711 1653 2756 sermonis
1673 2717 1720 2755 (le
1738 2717 1900 2754 transla-

482 2784 584 2821 tione
598 2792 671 2822 etc.
688 2786 731 2822 In
745 2784 844 2822 Clar.
859 2793 895 2821 et
906 2784 1020 2823 Corb.
1041 2794 1111 2824 tut.
1128 2784 1370 2823 solummodo
1386 2783 1526 2823 adsunt
1535 2784 1659 2836 prima
1671 2781 1805 2821 verba.
1821 2780 1903 2833 (R.)
