2028 3458
403 374 455 413 84
642 375 708 412 DE
736 371 1030 410 VIRTUTIBUS
1057 371 1232 409 SANCTI
1258 372 1485 412 MARTINI.
1515 373 1616 410 —1.

402 462 630 521 dicentis,
682 461 902 508 inimicos
967 469 1157 506 nostros
1209 468 1328 524 potu
1389 459 1604 525 ciboque
1654 460 1833 509 debere

399 540 596 599 satiari¹,
632 548 802 604 potum
834 537 902 584 eis
938 536 1100 584 offerri
1118 537 1362 602 praecipio.
1402 539 1498 596 Qui
1521 555 1832 604 nequaquam

400 625 722 682 exspectantes
739 652 751 676 ,
778 623 1013 680 quantum
1035 624 1288 679 poterant,
1314 614 1580 679 fugiebant.
1604 616 1835 664 Crederes

400 711 482 742 eos
531 693 730 741 fustibus
773 693 877 757 agi,
926 702 1008 740 aut
1040 692 1217 740 invitos
1254 702 1424 742 contra
1465 694 1832 760 possibilitatem

397 772 689 819 caballorum
724 787 923 818 suorum
958 787 1150 818 currere
1197 771 1330 836 cogi3
1378 781 1425 819 et
1454 773 1551 833 sic,
1587 773 1832 821 tribuente

396 851 604 897 Domino
625 886 637 911 ,
665 859 712 897 et
729 838 930 914 jux'r’ante
952 859 1187 915 patrono,
1210 866 1309 915 quo
1335 849 1666 915 dirigebamus
1685 852 1830 900 adve-

394 929 569 975 nimus.
608 930 680 976 De
716 928 909 993 quantis
951 944 1028 975 me
1072 927 1467 976 tribulationibus
1512 938 1562 977 et
1606 930 1831 978 aerumnis

392 1006 591 1071 eripuit,
638 1006 689 1053 in
730 1006 922 1070 quantis
960 1005 1078 1053 mihi
1127 1007 1488 1055 necessitatibus
1539 1025 1627 1056 sua
1679 1010 1831 1074 pietas

389 1085 560 1148 astitit,
594 1086 667 1133 vel
707 1095 911 1150 quantas
943 1085 992 1132 in
1028 1102 1106 1132 me
1147 1086 1495 1134 amaritudines
1532 1103 1617 1134 sua
1650 1087 1827 1134 virtute

392 1162 717 1229 compescuit,
738 1180 839 1212 non
864 1162 1024 1211 dicam
1046 1162 1110 1211 ad
1133 1163 1444 1212 scribendum
1460 1201 1473 1227 ,
1500 1165 1584 1214 sed
1599 1165 1744 1214 etiam
1767 1164 1829 1213 ad

391 1239 699 1297 referendum
721 1241 1017 1308 perlongum
1043 1251 1131 1290 est.

910 1406 1069 1443 CAPUT
1093 1398 1287 1445 xxxvn.

949 1499 1002 1534 De
1017 1498 1262 1548 dysentericis.

457 1599 588 1659 Quid
612 1598 673 1646 de
696 1597 1010 1663 dysentericis
1033 1597 1215 1658 dicam,
1243 1595 1325 1644 ubi
1359 1606 1458 1644 tam
1488 1595 1716 1644 velociter
1748 1595 1822 1642 in-

389 1678 579 1727 venitur
597 1675 784 1725 medela
804 1714 816 1738 ,
842 1693 988 1740 quam
1006 1675 1211 1723 fideliter
1247 1674 1389 1722 fuerit
1413 1674 1669 1738 inquisita?
1702 1676 1823 1721 Nam

389 1755 486 1804 vidi
508 1756 759 1802 mulierem
789 1771 815 1802 a
845 1754 1118 1818 dysenteria
1140 1769 1227 1818 per
1251 1753 1466 1817 quinque
1500 1768 1689 1800 menses
1714 1767 1821 1816 gra-

388 1834 508 1881 viter
528 1833 829 1881 laborantem
845 1869 858 1893 ,
885 1832 950 1879 ita
975 1842 1026 1879 ut
1045 1847 1157 1878 cum
1181 1831 1438 1878 necessitas
1463 1839 1818 1891 commoveret,

387 1912 511 1958 inter
555 1928 727 1959 manus
767 1909 830 1958 ad
870 1909 978 1957 loca
1016 1908 1284 1956 necessaria
1322 1907 1679 1969 transferretur,
1716 1924 1822 1973 quae

388 1989 530 2036 simul
560 1999 607 2037 et
638 1987 1046 2036 confortationem
1077 1985 1196 2048 cibi,
1223 1995 1272 2033 et
1301 1986 1527 2033 virtutem
1545 1985 1821 2051 corpusculi

391 2069 629 2133 superflue
654 2067 916 2133 digerendo
939 2064 1243 2131 perdiderat3
1271 2081 1349 2111 me
1369 2064 1529 2112 indice
1555 2064 1672 2111 novi
1693 2063 1820 2110 hanc

391 2144 452 2191 ad
473 2144 717 2193 basilicam
739 2143 985 2209 vigilasse;
1014 2141 1203 2190 reddito
1230 2151 1393 2188 autem
1424 2151 1534 2207 post
1558 2150 1819 2188 nocturnas

390 2222 613 2271 tenebras
634 2223 733 2283 die,
761 2222 933 2270 abraso
958 2220 1086 2268 beati
1120 2219 1292 2267 tumuli
1325 2218 1548 2284 pulvere,
1581 2228 1628 2266 et
1664 2234 1821 2266 reme-

393 2302 527 2349 dium
548 2302 760 2350 hausisse
778 2300 919 2349 simul
946 2309 993 2347 et
1014 2298 1271 2364 poculum;
1297 2313 1503 2362 eamque
1535 2297 1670 2344 domi
1699 2313 1821 2361 pro-

391 2380 507 2446 priis
528 2379 762 2445 gressibus
787 2379 929 2428 fuisse
964 2377 1230 2439 redditam,
1264 2392 1370 2442 quae
1397 2376 1595 2424 veniens
1631 2375 1694 2423 ab
1718 2375 1821 2423 aliis

395 2457 548 2505 fuerat
571 2466 849 2505 sustentata.

453 2672 508 2719 (1)
530 2671 643 2707 Rom.
666 2680 738 2715 xu,
763 2668 829 2706 20.
