2028 3458
511 245 561 286 36
731 235 797 284 ὗΕ
824 244 1118 285 vlam-umus
1148 247 1317 286 sANcn
1347 246 1572 288 ΜΑΒΤΙΝῙ.
1596 271 1646 277 -
1669 248 1698 287 1.

508 336 601 384 rim
621 335 819 383 fluvium
838 335 1096 395 transisset,
1118 352 1224 383 sero
1245 336 1421 384 factum
1442 346 1530 398 est,
1557 347 1605 385 et
1625 336 1785 385 subito
1807 353 1924 384 con-

510 414 810 463 tenebratum
848 424 924 460 est*
952 413 1154 475 coelum3
1196 424 1243 461 et
1281 432 1391 462 ecce
1429 415 1613 480 fulgura
1651 432 1825 480 magna
1869 432 1925 464 ac

509 493 719 540 tonitrua
754 506 927 554 magna
957 490 1328 539 descendebant.
1366 495 1491 540 Dum
1519 493 1619 541 haec
1652 502 1920 559 agerentur,

509 571 614 618 duae
651 586 913 635 puerorum
949 568 1148 629 lanceae,
1191 570 1386 619 emissas
1428 572 1674 638 flammeas
1717 573 1920 638 pharOS,

505 648 668 695 lumen
714 646 936 694 euntibus
974 646 1298 711 praebuerunt.
1357 640 1591 714 Ibantque
1634 649 1925 714 fulgurantes

505 726 675 787 hastae,
703 741 805 772 non
827 724 987 771 minus
1011 724 1229 773 miraculi
1251 742 1399 790 quam
1418 726 1639 775 beneficii
1664 721 1924 775 viatoribus

502 805 826 871 praeferentes,
850 804 1171 870 virtutemque
1192 804 1319 852 beati
1342 806 1563 854 antistitis
1595 806 1919 854 ostendenteS.

1084 957 1243 993 CAPUT
1268 957 1336 993 XI.

826 1051 880 1087 De
894 1064 978 1100 rege
994 1052 1151 1089 Galliciae
1168 1054 1377 1102 populoque
1397 1052 1609 1089 conversis⁴.

567 1152 738 1200 Deficit
771 1152 934 1217 lingua
971 1153 1141 1201 sterilis
1165 1164 1321 1202 tantas
1357 1155 1556 1220 cupiens
1591 1169 1813 1201 enarrare
1835 1155 1925 1208 vir·

501 1241 639 1278 tutes.
688 1229 929 1278 Chararici
972 1231 1221 1295 cujusdam
1261 1234 1383 1296 regis
1426 1232 1757 1280 Galliciensis'
1800 1231 1924 1279 filius

502 1310 704 1374 graviter
720 1310 995 1373 aegrotabat,
1019 1311 1103 1375 qui
1120 1310 1212 1358 tale
1229 1311 1420 1358 taedium
1445 1311 1727 1365 incurrerat,
1748 1320 1802 1357 ut
1820 1310 1923 1356 solo

500 1388 667 1452 spiritu
692 1387 958 1453 palpitaret.
987 1391 1121 1436 Pater
1143 1399 1305 1436 autem
1329 1390 1430 1452 ejus
1452 1388 1626 1436 foetidae
1650 1405 1701 1435 se
1724 1388 1791 1434 illi
1810 1388 1926 1434 aria-

500 1481 573 1512 nae
596 1475 732 1512 sectae
755 1482 851 1514 una
865 1482 976 1513 cum
996 1466 1166 1514 incolis
1189 1467 1283 1514 loci
1309 1467 1434 1514 illius
1456 1466 1749 1515 subdiderat.
1769 1465 1862 1512 Sed
1876 1474 1923 1512 et

500 1542 632 1605 regio
654 1542 734 1589 illa
758 1542 867 1608 plus
893 1543 1033 1590 solito
1065 1561 1210 1608 quam
1240 1545 1340 1591 aliae
1364 1545 1621 1609 provinciae
1656 1543 1789 1609 lepra
1820 1559 1921 1589 sor-

498 1619 661 1668 debat.
687 1622 906 1685 Cumque
926 1638 1007 1668 rex
1034 1621 1219 1669 videret
1245 1622 1402 1686 urgeri
1425 1621 1577 1668 filium
1601 1623 1648 1667 in
1674 1621 1917 1679 extremis,

498 1697 612 1745 dicit
633 1699 729 1746 suis
754 1716 764 1745 :
795 1718 818 1744 «
838 1699 1341 1764 Martinusille,quem
1361 1700 1411 1746 in
1435 1697 1779 1762 Galliisdicunt
1800 1697 1922 1744 mul—

498 1776 556 1822 tis
589 1775 846 1823 virtutibus
876 1776 1121 1846 effulgere,
1160 1777 1311 1841 cujus,
1348 1793 1536 1842 quaem,
1574 1776 1817 1840 religionis
1852 1776 1924 1821 vir

498 1852 654 1915 fuerit,
672 1862 888 1901 enarrate
904 1874 926 1897 >›
944 1854 963 1900 Ρ
976 1854 1066 1901 Cui
1080 1853 1214 1902 aiunt
1232 1873 1242 1901 :
1267 1874 1290 1898 «
1307 1854 1551 1902 catholicae
1562 1853 1673 1901 fidei
1687 1853 1922 1918 populum

498 1931 722 1995 pastorali
745 1948 859 1979 cura
878 1932 928 1978 in
950 1948 1156 1997 corpore
1180 1932 1364 1997 positus
1388 1932 1685 1996 gubernavit,
1709 1946 1921 1978 asserens

498 2007 668 2054 Filium
691 2024 802 2055 cum
825 2011 962 2056 Patre
985 2019 1032 2056 et
1057 2009 1232 2074 Spiritu
1260 2019 1427 2057 sancto
1455 2009 1623 2074 aequali
1655 2007 1922 2055 substantia

498 2085 574 2132 vel
598 2087 945 2151 omnipotentia
983 2088 1198 2154 venerari
1235 2087 1410 2135 debere
1433 2106 1442 2134 :
1470 2087 1555 2135 sed
1581 2096 1627 2134 et
1660 2102 1792 2133 nunc
1814 2085 1921 2132 coeli

499 2163 610 2211 sede
632 2164 833 2223 locatus,
855 2164 1057 2226 assiduis
1081 2164 1326 2212 beneficiis
1352 2182 1451 2212 non
1480 2174 1631 2212 cessat
1652 2163 1779 2229 plebi
1812 2180 1922 2228 pro·

499 2242 610 2307 priae
624 2243 893 2307 providere.
916 2265 938 2287 »
951 2244 1046 2301 Qui
1060 2244 1125 2291 ait
1147 2261 1158 2289 ε
1180 2244 1230 2290 Si
1245 2243 1346 2291 haec
1364 2260 1477 2291 vera
1494 2253 1605 2290 sunt
1621 2259 1726 2306 quae
1742 2242 1923 2307 profer-

498 2321 574 2381 tis,
600 2320 867 2369 discurrant
904 2339 1056 2386 usque
1096 2321 1157 2370 ad
1185 2322 1286 2386 ejus
1314 2321 1547 2387 templum
1585 2320 1747 2367 fideles
1781 2319 1921 2366 amici

500 2398 612 2459 mei,
638 2399 789 2447 multa
801 2417 1004 2449 munera
1022 2400 1357 2466 deportantes3
1397 2410 1444 2447 et
1477 2400 1515 2447 si
1544 2399 1793 2447 obtineant
1829 2398 1922 2444 mei

551 2627 607 2681 (1)
633 2628 710 2667 Alii
740 2629 852 2668 codd.
887 2633 946 2668 De
974 2635 1116 2672 Saeuis.
1151 2631 1232 2685 (R.)
1249 2655 1303 2662 —
1322 2635 1381 2671 De
1410 2634 1534 2672 Gallis
1557 2634 1680 2670 suavis
1708 2634 1914 2682 conversis,

498 2692 622 2754 5326,
647 2693 765 2731 5334.
782 2696 840 2731 De
855 2696 977 2733 Gallis
994 2701 1210 2749 commensis
1227 2697 1356 2736 Cl.-F.
1374 2727 1384 2746 ,
1412 2706 1450 2735 et
1469 2710 1556 2748 sup.
1581 2697 1674 2734 243.

480 2771 490 2776 ··
547 2755 604 2810 (2)
624 2760 795 2798 Galliciae
808 2760 928 2809 5326,
946 2762 1066 2811 5329,
1080 2764 1200 2811 53:343
1216 2765 1354 2811 Gallie,
1373 2763 1519 2812 Cl.-F.;
1535 2765 1702 2803 Gallacie
1714 2773 1800 2813 sup.
1819 2763 1910 2801 243.
