2028 3458
450 303 526 342 426
825 303 892 339 DE
919 301 1108 340 GLORIA
1134 301 1494 342 CONFESSORUM
1502 332 1510 340 .

1002 460 1160 495 CAPUT
1184 461 1304 498 XLII.

838 569 891 603 De
907 568 1045 604 Hilario
1064 569 1271 605 Divionensi
1290 578 1466 607 senatore.

510 709 647 775 Apud
670 719 877 758 castrum
900 710 1215 759 Divionense¹
1242 711 1471 759 Hilarius¹
1492 711 1689 775 quidam
1717 729 1774 759 ex
1797 729 1873 759 se-

444 787 692 836 natoribus
707 787 956 848 habita-vit,
981 789 1165 838 habens
1187 790 1462 855 conjugem,
1490 807 1545 837 ex
1564 806 1659 854 qua
1682 800 1731 837 et
1751 789 1872 838 filios

443 867 616 915 dicitur
644 867 921 933 suscepisse.
959 868 1050 916 Sed
1088 885 1284 917 omnem
1317 869 1520 916 domum
1550 885 1687 916 suam
1726 869 1791 916 ita
1821 870 1871 916 in

444 944 656 992 castitate
681 954 824 1008 atque
844 946 979 992 omni
1001 946 1207 1011 puritate
1232 955 1331 993 tam
1357 946 1503 992 animi
1529 961 1675 1009 quam
1697 961 1872 1010 corpo-

441 1021 504 1068 ris
533 1021 797 1080 excolebat‚
833 1032 884 1070 ut
906 1023 1066 1070 nullus
1090 1022 1158 1070 ibi
1189 1022 1478 1071 adulterium
1510 1039 1729 1070 exercere
1756 1040 1874 1088 prae-

441 1110 666 1162 sumeret,
693 1109 907 1164 essetque
938 1101 1187 1166 impletum
1222 1102 1271 1148 in
1299 1101 1391 1148 hac
1417 1101 1585 1157 domo,
1619 1099 1752 1165 quod
1785 1100 1874 1148 du·

441 1177 561 1225 dum
599 1187 765 1225 sancto
800 1177 1009 1243 repletus
1047 1179 1225 1244 Spiritu
1265 1178 1511 1244 apostolus
1548 1178 1818 1243 praedicavit
1857 1197 1867 1224 ε

444 1254 733 1301 Honorabile
769 1255 1053 1303 connubium
1072 1292 1083 1314 ‚
1122 1267 1167 1302 et
1203 1268 1332 1303 torus
1367 1255 1745 1302 immaculatus³.
1785 1257 1872 1303 Hic
1934 1281 1940 1288 ·

441 1333 619 1397 itaque,
646 1343 745 1380 tam
769 1333 893 1381 inter
914 1333 1140 1381 dominos
1162 1351 1307 1399 quam
1342 1335 1466 1381 iuter
1499 1329 1702 1381 famulos
1732 1335 1870 1395 casti-

440 1416 536 1454 tate
572 1407 800 1472 pollente,
833 1408 955 1455 obiit
986 1409 1060 1455 vir
1100 1408 1178 1456 ille
1215 1427 1224 1455 :
1263 1409 1348 1472 qui
1379 1409 1531 1472 qualis
1567 1418 1870 1473 quantusque

442 1485 577 1532 fuerit
607 1485 742 1548 juxta
775 1486 932 1533 saeculi
963 1486 1267 1550 dignitatem,
1303 1486 1576 1551 sepulcrum
1599 1487 1699 1550 ejus
1724 1487 1871 1535 hodie

438 1563 679 1628 patefacit,
708 1563 841 1628 quod
866 1580 1104 1612 marmore
1128 1565 1264 1611 Pario
1285 1563 1524 1630 sculptum
1546 1564 1732 1612 renitet.
1760 1567 1870 1622 Quo

440 1640 666 1688 defuncto
686 1676 699 1699 ‚
738 1651 785 1690 et
814 1642 948 1706 juxta
980 1642 1245 1690 humanam
1280 1641 1682 1690 consuetudinem
1716 1643 1871 1708 sepul·

437 1727 555 1766 turae
583 1719 872 1785 mancipato²
900 1720 1070 1767 mulier
1089 1719 1297 1777 deducto
1323 1720 1437 1767 anni
1468 1719 1650 1767 circulo
1679 1729 1871 1784 aegrota-

437 1796 521 1856 vit,
549 1795 763 1861 obiitque
785 1806 927 1861 atque
951 1797 1113 1844 abluta
1141 1806 1227 1845 est.
1256 1799 1314 1843 Et
1338 1797 1570 1861 quoniam
1593 1796 1869 1862 sepulcrum

438 1872 554 1920 illud
596 1883 694 1920 tam
728 1873 1018 1922 immensum
1047 1884 1163 1934 erat,
1197 1883 1250 1921 ut
1275 1874 1428 1939 ipsam
1447 1874 1581 1938 juxta
1614 1874 1870 1939 imperium

439 1950 530 1997 viri
564 1951 843 2015 susciperet,
881 1961 1045 1998 amoto
1087 1952 1351 2017 opertorio,
1400 1951 1519 1998 dum
1548 1952 1787 1998 locaretur
1820 1953 1868 1999 in

438 2028 644 2085 tumulo,
673 2027 832 2076 subito
859 2028 1041 2077 elevata
1064 2030 1153 2076 viri
1177 2030 1370 2078 dextera
1394 2029 1610 2092 conjugis
1635 2031 1868 2077 cervicem

439 2105 756 2170 amplectitur.
786 2106 928 2163 Quod
954 2106 1195 2155 admirans
1220 2107 1445 2172 populus,
1475 2107 1694 2171 deposito
1717 2124 1868 2155 seces-

438 2184 497 2230 sit
525 2185 768 2249 opertorio
801 2185 1120 2249 cognovitque
1138 2190 1250 2250 'quae
1284 2186 1350 2232 eis
1381 2187 1585 2243 castitas,
1617 2185 1700 2248 qui
1724 2187 1868 2232 timor

439 2261 488 2308 in
514 2263 685 2320 Deum,
713 2278 817 2325 quae
843 2262 985 2309 etiam
1011 2264 1132 2309 inter
1154 2263 1282 2328 ipsos
1316 2261 1506 2309 dilectio
1531 2263 1692 2309 suisset
1719 2263 1768 2310 in
1789 2280 1867 2310 sae-

439 2338 679 2407 culo‚·qui
702 2355 752 2386 se
776 2339 841 2386 ita
864 2339 1069 2405 amplexi
1094 2349 1205 2387 sunt
1232 2340 1281 2387 in
1308 2339 1545 2405 sepulcro.

491 2513 545 2560 (ι)
574 2513 696 2559 2204,
717 2514 838 2562 2791,
861 2503 1132 2554 Divtoaeiaesim.

491 2575 545 2622 (2)
572 2574 694 2613 Laud.
704 2604 714 2623 ,
740 2575 835 2616 Bell.
857 2583 895 2614 et
923 2575 1035 2614 Colb.
1059 2589 1095 2613 a.
1120 2578 1317 2625 Helarius,
1340 2584 1378 2614 et
1409 2574 1463 2613 sic
1494 2574 1650 2627 passim,
1671 2583 1738 2613 aut
1763 2575 1862 2613 Ela-

437 2639 531 2674 rius.
556 2638 638 2675 Hoc
657 2646 773 2689 caput
797 2637 928 2677 laudat
947 2638 1164 2677 Chronicon
1186 2638 1306 2677 sancti
1325 2637 1485 2691 Benigni
1503 2637 1762 2676 Divionensis.
1784 2639 1864 2685 (R.)

491 2698 546 2748 (3)
573 2691 785 2749 Heb.xu1,
808 2702 846 2741 4.
869 2703 949 2750 (R.)
