2028 3458
438 253 514 289 3126
802 249 868 284 DE
895 247 1080 283 GLORIA
1109 245 1477 283 CONFESSORUM.

438 356 572 405 pora,
607 338 801 403 quidam
837 334 1058 382 sacerdos
1092 350 1148 380 ex
1175 333 1294 380 urbe
1330 334 1431 397 ipsa
1466 333 1741 397 episcopatu
1781 349 1851 380 as-

436 426 626 481 sumpto
664 414 856 462 accessit
885 412 945 459 ad
984 412 1168 471 locum,
1203 410 1568 475 praedicavitque
1606 409 1756 456 turbis
1795 420 1848 456 ut

437 494 713 541 absisterent
733 490 793 538 ab
814 490 905 548 his,
925 506 987 536 ne
1007 488 1184 536 coelesti
1213 488 1283 535 ira
1312 498 1706 534 consumerentur
1728 505 1738 533 :
1768 487 1851 535 sed

438 587 740 636 nequaquam
759 569 860 632 ejus
876 567 1147 633 praedicatio
1165 582 1192 613 a
1212 565 1359 612 cruda
1380 565 1638 612 rusticitate
1658 565 1851 630 recipie-

435 649 591 695 batur.
617 650 749 694 Tunc
778 645 1036 710 inspirante
1059 643 1319 703 divinitate,
1342 642 1561 689 sacerdos
1582 643 1668 688 Dei
1691 642 1851 689 basili-

436 743 542 774 cam
565 724 816 772 inhonore
839 723 966 770 beati
987 722 1148 768 Hilarii
1171 720 1471 767 Pictaviensis
1487 720 1671 767 eminus
1687 720 1748 767 ab
1767 737 1851 768 ora

436 802 587 866 stagni
610 800 874 861 aedificavit,
901 800 949 846 in
975 815 1069 862 qua
1091 798 1311 861 reliquias
1342 797 1441 861 ejus
1462 797 1661 857 locavit,
1688 797 1851 844 dicens

435 881 616 946 populo
639 898 649 926 ε
666 900 687 923 «
704 878 875 938 Nolite,
896 876 1045 936 filioli,
1062 876 1209 923 nolite
1228 891 1426 940 peccare
1441 884 1548 922 ante
1562 874 1847 932 Dominum;

436 957 567 1005 nulla
590 966 659 1004 est
689 957 817 1004 enim
847 955 1011 1019 religio
1035 955 1084 1001 in
1106 963 1292 1016 stagno.
1317 952 1472 1000 Nolite
1495 952 1730 999 maculare
1754 952 1853 998 ani-

436 1052 537 1082 mas
558 1044 735 1082 vestras
758 1035 806 1081 in
832 1034 907 1081 his
929 1032 1098 1080 ritibus
1119 1031 1270 1092 vanis,
1297 1031 1379 1078 sed
1400 1031 1560 1096 potius
1580 1031 1852 1093 cognoscite

435 1114 608 1171 Deum,
640 1120 688 1158 et
707 1110 871 1158 amicis
903 1110 1004 1173 ejus
1037 1109 1394 1156 venerationem
1414 1107 1674 1173 impendite
1698 1125 1709 1153 z
1739 1107 1851 1154 ado-

435 1200 534 1237 rate
554 1199 713 1237 autem
736 1197 951 1235 sanctum
974 1187 1203 1234 Hilarium
1223 1187 1309 1232 Dei
1326 1185 1597 1242 antistitem,
1622 1185 1755 1248 cujus
1774 1184 1853 1230 hic

434 1268 640 1332 reliquiae
660 1275 769 1313 sunt
786 1265 1012 1324 conditae;
1032 1265 1130 1330 ipse
1150 1263 1275 1310 enim
1297 1271 1451 1327 potest
1468 1279 1555 1327 pro
1573 1261 1707 1308 vobis
1724 1260 1852 1326 apud

435 1345 522 1391 Dei
546 1342 920 1390 misericordiam
939 1343 1219 1389 intercessor
1238 1340 1467 1387 assistere.
1498 1358 1520 1383 »
1548 1343 1679 1385 Tunc
1694 1338 1851 1385 homi-

435 1438 518 1468 nes
546 1420 820 1485 compuncti
846 1419 1009 1480 corde,
1037 1418 1252 1466 conversi
1285 1426 1425 1463 sunt:
1455 1426 1502 1463 et
1531 1416 1851 1480 relinquentes

435 1497 618 1557 lacum,
647 1496 809 1543 omnia
850 1512 954 1560 quae
985 1495 1162 1542 ibidem
1203 1494 1433 1559 projicere
1464 1502 1598 1539 erant
1621 1493 1762 1552 soliti,
1788 1492 1849 1539 ad

435 1584 645 1620 sanctam
668 1573 911 1620 basilicam
934 1572 1267 1638 proferebant3
1302 1581 1349 1618 et
1372 1571 1439 1618 sic
1474 1569 1535 1616 ab
1570 1586 1730 1617 errore
1753 1585 1850 1633 quo

435 1652 580 1698 vincti
601 1652 786 1698 fuerant
810 1651 1002 1698 relaxati
1026 1659 1152 1698 sunt.
1176 1649 1268 1696 Sed
1289 1659 1336 1696 et
1356 1656 1608 1713 tempestas
1627 1647 1851 1711 deinceps

434 1744 462 1775 a
479 1728 589 1775 loco
608 1728 688 1775 illo
714 1728 955 1793 prohibita
971 1737 1040 1774 est
1058 1746 1070 1786 ;
1095 1744 1183 1774 nec
1206 1726 1327 1773 ultra
1347 1726 1394 1772 in
1415 1724 1509 1772 hac
1531 1725 1846 1783 solemnitate,

434 1824 539 1871 quae
562 1809 647 1855 Dei
671 1818 786 1867 erat,
813 1809 994 1868 nocuit,
1023 1817 1278 1873 postquam
1307 1806 1432 1854 beati
1458 1805 1743 1853 confessoris
1765 1804 1850 1851 ibi-

434 1885 542 1932 dem
567 1894 675 1932 sunt
696 1886 902 1949 reliquiae
920 1885 1177 1932 collocatae.

1013 2097 1168 2132 CAPUT
1197 2098 1269 2132 111.

749 2224 800 2257 De
816 2231 935 2258 sancto
951 2223 1102 2258 Eusebio
1118 2223 1333 2259 Vercellensi
1349 2215 1528 2270 episcopo.

500 2358 726 2405 Eusebius
749 2375 862 2406 vero
889 2359 1194 2407 Vercellensis
1218 2360 1469 2424 episcopus
1486 2374 1712 2421 magnum
1733 2357 1846 2404 huic

434 2435 610 2482 Hilario
634 2436 921 2500 adjutorium
948 2446 1112 2483 contra
1143 2436 1340 2484 haereses
1369 2437 1477 2495 fuit,
1509 2437 1592 2501 qui
1617 2437 1773 2483 vivere
1796 2452 1846 2483 se

434 2521 541 2577 post
563 2513 771 2560 tumulos
794 2514 1101 2578 praesentibus
1132 2514 1382 2561 virtutibus
1410 2514 1691 2562 manisestat.
1726 2516 1844 2560 Nam

433 2589 481 2635 in
505 2589 582 2636 die
605 2590 771 2636 natalis
801 2591 871 2637 sui
905 2607 1013 2637 cum
1047 2592 1182 2637 multi
1214 2591 1390 2637 infirmi
1420 2591 1682 2647 salventur,
1716 2606 1844 2636 ener-

434 2667 624 2728 gumeni
643 2677 814 2714 tamen
848 2677 1003 2714 rotatu
1028 2668 1184 2714 valido
1208 2685 1293 2733 per
1315 2678 1463 2715 totam
1488 2668 1731 2715 ecclesiam
1764 2667 1844 2713 de-

433 2744 735 2807 bacchantes,
762 2755 807 2793 et
831 2746 979 2792 nimio
1002 2746 1282 2793 confitentes
1305 2763 1353 2794 se
1375 2746 1584 2811 torqueri
1607 2746 1838 2804 cruciatu,
