2028 3458
449 366 525 403 ¹5⁴.
661 365 727 401 DE
757 362 1048 401 VIRTUTIBUS
1081 362 1256 400 SANCTI
1283 362 1509 401 MARTINI.
1529 382 1582 393 —
1600 364 1652 401 Π.

975 483 1132 519 CAPUT
1162 484 1338 523 XXXVI.

649 569 701 603 De
716 567 925 615 pignoribus
941 579 1019 614 quae
1034 566 1284 604 Leodovaldus
1300 569 1487 617 episcopus
1505 568 1640 606 detulit.

510 665 644 712 Multi
668 664 810 711 etiam
834 662 927 710 fide
950 663 1078 728 pleni
1100 663 1323 728 reliquias
1341 664 1469 713 beati
1490 666 1580 713 viri
1600 675 1862 731 portantes,

445 743 640 790 virtutes
660 740 833 788 multas
856 741 1182 806 experiuntur.
1207 744 1325 789 Nam
1346 742 1679 791 Leodovaldus
1698 743 1866 790 Abrin-

445 820 638 867 catinae¹
661 819 862 866 civitatis
881 820 1156 885 episcopus,
1180 820 1331 866 sancti
1352 819 1521 867 domni
1544 821 1765 886 reliquias
1782 838 1867 887 per

444 877 774 963 piesbyterum
792 914 932 944 suum
956 896 1161 943 devotus
1183 898 1393 962 expetiit.
1421 897 1606 956 Quibus
1629 900 1835 964 acceptis
1850 936 1862 959 ,

443 991 555 1021 cum
586 974 844 1021 terminum
879 973 1127 1021 antedictae
1162 975 1362 1022 civitatis
1399 976 1638 1039 ingressus
1673 976 1863 1038 fuisset,

445 1053 650 1099 occurrit
675 1052 718 1099 ei
744 1052 903 1099 adhuc
932 1053 1056 1099 inter
1078 1052 1264 1100 deserta
1287 1054 1446 1118 posito
1453 1013 1756 1118 bparalyticus
1780 1053 1865 1101 de—

444 1130 695 1176 serentium
729 1129 886 1176 illatus
914 1128 1158 1190 manibus3
1197 1130 1438 1177 osculatus
1469 1140 1630 1177 autem
1665 1129 1868 1177 fideliter

443 1206 601 1254 velum
625 1224 723 1272 quo
748 1223 889 1273 capsa
915 1217 1191 1255 sanctorum
1215 1209 1473 1273 pignorum
1498 1217 1726 1272 cooperta
1747 1217 1863 1270 erat,

383 1346 390 1352 ³
444 1301 556 1331 mox
581 1285 628 1331 in
653 1284 800 1349 pedes
822 1285 1056 1345 constitit,
1091 1302 1147 1333 ac
1171 1286 1380 1351 propriis
1403 1285 1639 1350 gressibus
1663 1286 1866 1332 domum

443 1378 680 1425 regressus
711 1372 797 1409 est.
834 1366 943 1410 Haec
976 1364 1105 1410 enim
1133 1364 1258 1427 agis,
1289 1362 1562 1410 beatissime
1593 1363 1863 1422 confessor,

444 1455 533 1486 nec
557 1438 641 1485 tibi
669 1448 740 1486 sat
761 1441 1006 1505 propriam
1037 1440 1186 1487 aedem
1214 1456 1445 1487 exornare
1478 1440 1709 1505 prodigiis
1727 1476 1739 1499 ,
1777 1441 1867 1486 nisi

444 1517 583 1564 etiam
600 1517 816 1565 diversos
839 1519 983 1565 saltus
1006 1535 1129 1582 quos
1152 1518 1356 1583 pedibus
1377 1535 1477 1565 non
1497 1519 1670 1573 adiisti,
1688 1518 1869 1565 virtuti-

443 1594 533 1642 bus
550 1595 807 1643 tremendis
824 1596 1044 1643 illustres.
1065 1595 1160 1643 Sed
1177 1605 1223 1643 et
1240 1595 1465 1662 deinceps
1481 1613 1632 1643 caecus
1648 1595 1863 1663 quidam,

443 1672 735 1721 adminiculo
767 1674 1061 1735 deducente,
1095 1674 1143 1720 in
1169 1690 1424 1721 occursum
1451 1690 1617 1721 earum
1641 1673 1868 1721 velociter

441 1761 685 1815 properat.
723 1751 991 1799 Adveniens
1013 1762 1175 1800 autem
1209 1752 1408 1817 quando
1440 1751 1566 1799 beati
1591 1752 1793 1816 pignora
1817 1752 1866 1797 in

442 1839 659 1876 sanctum
672 1828 956 1878 locabantur
968 1830 1133 1890 altare,
1145 1830 1363 1896 expedita
1377 1829 1695 1890 solemnitate,
1713 1829 1868 1876 visum

443 1908 654 1972 recipere
692 1908 865 1955 meruit
906 1908 1180 1956 oculorum.
1220 1909 1314 1956 Sed
1343 1918 1390 1956 et
1421 1908 1512 1955 alia
1555 1907 1868 1954 nihilominus

444 1983 629 2044 mulier,
655 2002 759 2049 quae
782 1985 874 2033 diu·
892 1995 1024 2034 muta
1047 1985 1223 2046 fuerat,
1246 1985 1483 2033 sermonis
1505 2001 1644 2031 usum
1669 1983 1861 2049 recepit.

959 2105 1118 2140 CAPUT
1132 2080 1339 2141 xxxva.

922 2183 975 2217 De
994 2194 1231 2230 energumeno
1247 2190 1382 2217 sanato.

508 2264 591 2325 His
619 2279 795 2325 etenim
831 2278 1001 2326 diebus
1027 2278 1087 2326 ad
1116 2278 1246 2327 beati
1277 2279 1363 2326 viri
1395 2277 1640 2326 basilicam
1667 2277 1865 2341 quidam

445 2369 502 2400 ex
521 2357 868 2418 energumenis,
895 2373 1008 2403 cum
1037 2355 1215 2403 multos
1250 2373 1300 2403 se
1333 2356 1568 2403 cruciatus
1588 2355 1865 2403 daemonum

445 2431 653 2496 perferre
676 2433 980 2495 declamaret,
1004 2444 1050 2481 et
1073 2434 1121 2481 vi
1143 2450 1192 2481 se
1209 2433 1314 2498 ejici
1337 2433 1397 2481 de
1418 2433 1651 2498 acquisito
1672 2432 1864 2479 vasculo

444 2524 530 2574 per
554 2508 747 2557 beatum
772 2502 1031 2560 antistitem
1055 2511 1296 2572 fateretur,
1324 2501 1577 2559 devolutus
1600 2520 1733 2558 terrae
1762 2527 1867 2558 san-

447 2586 638 2649 guinem
677 2588 875 2636 fetidum
915 2606 999 2655 per
1030 2606 1084 2636 os
1124 2590 1270 2654 coepit
1298 2590 1486 2653 ejicere.
1528 2590 1625 2647 Qui
1658 2588 1863 2636 duarum

447 2662 543 2711 sere
566 2663 795 2712 horarum
817 2666 970 2732 spatio
995 2666 1176 2731 jacens,
1198 2667 1395 2732 expulso
1419 2666 1664 2727 daemone,
1688 2682 1864 2731 purga-

448 2750 522 2788 tus
541 2753 799 2791 acerectus
821 2754 906 2791 est.

500 2862 553 2908 (1)
573 2860 861 2910 Abrincantine,
886 2865 1002 2923 3801:
