2028 3458
1131 481 1207 526 DE

506 627 1039 700 VIRTUTIBUS
1088 627 1398 695 SANCTI
1444 627 1786 697 MARTIN
1794 630 1821 694 1

1026 788 1311 826 EPISCOPI.

852 1137 1076 1196 LIBER
1119 1136 1486 1207 QUARTUS.

531 1330 854 1378 Saluberrimo
870 1349 958 1379 nos
970 1333 1161 1380 hortatu
1177 1333 1411 1399 propheta
1426 1331 1670 1392 admonet,
1685 1329 1872 1378 dicens:

466 1408 748 1454 Honorancli
776 1420 890 1455 sunt
915 1412 1060 1456 αιηιέί
1093 1412 1174 1471 tui,
1202 1413 1372 1458 Deus-¹.
1399 1408 1715 1456 Nihilominus
1745 1417 1791 1454 et
1828 1408 1874 1452 in

465 1487 558 1534 alio
595 1487 806 1551 psalmo²
835 1505 844 1532 :
882 1489 979 1547 Oui
1012 1490 1226 1534 timentes
1260 1489 1515 1534 Dominum
1544 1487 1874 1551 magnificant,

464 1562 744 1610 beatitudini
771 1564 1054 1627 copulantur
1095 1564 1258 1611 domus
1289 1576 1490 1611 aeternoe.
1540 1566 1661 1625 Ergo
1696 1561 1877 1626 perspi-

464 1657 553 1687 cue
573 1650 702 1706 patet
723 1641 982 1687 intellectui
1008 1641 1221 1689 humano
1245 1641 1377 1706 quod
1401 1641 1751 1687 admoneantur
1774 1638 1879 1701 qui·

464 1733 558 1780 que
583 1734 682 1763 non
708 1717 862 1764 solum
886 1717 1122 1764 immunes
1145 1719 1360 1778 crimine,
1386 1717 1696 1764 verumetiam
1720 1715 1880 1762 noxia·

463 1793 520 1839 lis
551 1793 760 1840 criminis
795 1795 921 1841 malo
958 1793 1131 1855 dediti,
1161 1795 1342 1842 cultum
1371 1804 1644 1842 reverenter
1679 1791 1879 1839 reddere

464 1871 628 1917 amicis
652 1872 755 1917 Dei.
784 1874 900 1930 Quae
922 1888 1110 1919 resnou
1131 1873 1285 1919 solum
1307 1874 1352 1918 in
1375 1873 1591 1936 praesenti
1609 1871 1779 1918 saeculo
1804 1869 1880 1915 tri-

462 1947 569 1994 buit
590 1947 893 2010 beneficium,
914 1950 1224 1996 verumetiam
1248 1959 1433 2014 praestat
1449 1959 1495 1995 et
1516 1948 1809 2011 refrigerium
1829 1946 1877 1992 in

467 2025 641 2072 futuro.
679 2028 798 2072 Nam
833 2043 942 2072 cum
979 2043 1102 2090 soepe
1138 2026 1386 2073 videamus
1416 2026 1645 2073 virtutum
1677 2023 1879 2087 insignia

465 2102 655 2165 prodire
677 2102 736 2149 de
760 2102 954 2149 tumulis
978 2102 1247 2163 beatorum,
1277 2119 1377 2149 non
1402 2102 1640 2148 immerito
1664 2116 1880 2147 commo-

466 2198 651 2241 nemur,
681 2181 894 2229 debitam
918 2184 985 2229 eis
1006 2182 1205 2229 honoris
1229 2183 1541 2230 reverentiam
1572 2179 1848 2245 impendere
1864 2216 1876 2238 ‚

465 2274 494 2305 a
515 2258 688 2322 quibus
715 2277 813 2306 non
848 2260 1119 2307 desistimus
1153 2259 1482 2307 infirmitatum
1508 2258 1717 2306 remedia
1747 2258 1881 2320 flagi-

466 2344 583 2382 tare.
610 2339 830 2394 Quorum
854 2337 1076 2401 precibus
1099 2348 1145 2384 et
1168 2338 1318 2402 ipsam
1351 2338 1683 2402 peccaminum
1715 2335 1881 2382 remis-

466 2413 650 2459 sionem
677 2430 775 2460 non
800 2413 1076 2461 dubitamus
1109 2414 1303 2478 adipisci
1329 2432 1338 2459 ε
1365 2423 1411 2460 et
1443 2431 1541 2460 non
1574 2412 1722 2459 modo
1755 2412 1881 2457 hanc

466 2490 653 2550 mereri,
683 2506 846 2536 verum
869 2490 929 2536 ab
954 2489 1264 2536 infernalibus
1290 2490 1529 2554 suppliciis
1548 2505 1714 2536 eorum
1739 2489 1881 2533 inter-

518 2674 573 2720 (1)
592 2675 698 2712 Psal.
724 2687 915 2723 cxxxvm,
943 2679 1003 2713 17.

519 2740 573 2786 (2)
594 2741 697 2779 Psal.
723 2753 805 2786 xiv,
823 2742 859 2778 ln.
