2028 3458
409 270 485 306 314
619 269 685 305 DE
712 267 1006 304 VIRTUTIBUS
1037 267 1208 305 SANOE'I
1236 268 1523 306 MARTINI.—
1542 268 1607 306 IV.

407 354 598 401 virtute.
623 353 772 400 Simili
799 363 924 400 sorte
952 364 999 400 et
1029 354 1149 402 alius
1173 356 1457 420 paralyticus
1486 356 1547 404 ad
1573 356 1667 403 hoc
1690 372 1824 404 acce-

408 432 525 478 dens
565 432 926 493 monasterium,
964 442 1016 479 ut
1050 433 1208 480 velum
1242 434 1388 498 ipsius
1422 435 1618 483 cancelli
1654 436 1822 499 attigit,

406 519 565 558 amota
586 510 719 556 omni
743 509 1000 569 debilitate,
1027 526 1169 557 sanus
1190 510 1426 558 abscessit.
1450 534 1471 555 n
1496 514 1649 561 Distat
1666 523 1825 560 autem

407 588 468 636 ab
492 587 612 635 urbe
638 589 826 635 Pictava
851 589 985 653 quasi
1005 588 1167 635 stadiis
1189 589 1519 655 quadraginta.

960 734 1118 769 CAPUT
1143 734 1281 772 XXXI.

591 826 643 859 De
660 825 757 859 fonte
772 837 878 871 quem
896 824 1055 859 oratione
1082 833 1220 859 sanctus
1242 833 1281 859 ut
1297 825 1449 859 oriretur
1470 825 1635 861 obtinuit.

472 909 653 957 Exinde
691 910 886 973 egressi,
926 909 1236 956 Santonicum
1259 911 1271 933 ¹
1305 909 1597 956 territorium
1631 909 1829 972 ingressi

407 1005 587 1035 sumus.
616 991 832 1052 Cumque
852 989 900 1034 in
926 987 1141 1052 quodam
1165 988 1391 1034 convivio
1415 987 1474 1034 de
1496 987 1623 1034 beati
1642 987 1829 1034 Martini

408 1065 663 1113 virtutibus
696 1066 1040 1126 fabularemur,
1083 1065 1182 1112 haec
1217 1066 1334 1112 mihi
1372 1082 1497 1112 unus
1529 1082 1585 1111 ex
1619 1065 1824 1124 civibus,

408 1142 758 1191 affirmantibus
801 1143 904 1190 aliis
938 1159 1051 1190 vera
1088 1160 1205 1204 esse,
1245 1143 1447 1190 fideliter
1479 1143 1654 1189 retulit.
1693 1142 1830 1206 Najo-

408 1220 531 1284 gialo
565 1221 673 1268 villa
699 1230 768 1267 est
802 1221 850 1266 in
889 1220 983 1267 hoc
1023 1221 1262 1268 territorio
1301 1221 1406 1280 sita,
1440 1219 1502 1267 ad
1538 1236 1684 1283 quam
1717 1237 1829 1266 cum

407 1308 598 1345 sanctus
628 1299 858 1346 Martinus
885 1298 1044 1346 adhuc
1074 1309 1308 1363 superstes
1339 1299 1387 1345 in
1417 1315 1620 1363 corpore
1648 1298 1825 1359 adiret,

408 1376 606 1423 obvium
635 1376 804 1423 habuit
841 1377 998 1422 virum
1034 1375 1339 1423 exhibentem
1372 1392 1545 1440 aquam
1575 1392 1685 1422 cum
1723 1392 1827 1422 vas-

407 1453 534 1500 culo.
563 1457 675 1500 Erat
701 1454 828 1499 enim
853 1464 1024 1518 puteus
1055 1453 1150 1512 ille,
1184 1454 1244 1500 de
1275 1471 1372 1518 quo
1396 1455 1524 1501 hanc
1553 1453 1823 1513 exhibebat,

408 1530 523 1577 situs
546 1531 595 1576 in
614 1530 734 1578 valle
755 1532 890 1594 quasi
911 1530 1038 1577 mille
1058 1546 1223 1595 passus
1241 1547 1268 1577 a
1284 1530 1411 1591 villa,
1432 1541 1478 1577 et
1502 1547 1558 1576 ex
1582 1547 1639 1577 eo
1662 1530 1828 1577 incolae

408 1606 625 1654 haustam
660 1608 938 1655 deferebant
963 1623 1154 1671 aquam.
1179 1612 1310 1655 Tunc
1340 1609 1404 1655 ait
1432 1609 1505 1654 vir
1527 1609 1613 1654 Dei
1641 1608 1827 1654 homini

407 1699 582 1747 aquam
604 1685 770 1733 ferenti
790 1703 799 1730 :
820 1705 839 1730 «
860 1688 1049 1745 Quaeso,
1069 1685 1387 1746 dilectissime,
1413 1686 1606 1732 contine
1631 1701 1827 1732 manum

407 1771 554 1823 tuam,
581 1774 628 1811 et
646 1764 760 1811 huic
778 1763 922 1811 asello
946 1764 1023 1810 cui
1045 1764 1208 1825 sedeo,
1234 1764 1483 1830 paululum
1509 1780 1641 1828 aquae
1672 1765 1734 1811 ad
1758 1764 1829 1810 bi-

406 1839 621 1888 bendum
642 1842 857 1905 indulge.
888 1862 910 1885 »
945 1843 1039 1899 Qui
1066 1843 1132 1889 ait
1164 1861 1174 1888 z
1208 1863 1229 1884 «
1257 1843 1304 1889 Si
1338 1843 1659 1890 necessarium
1695 1842 1829 1889 ducis

407 1919 583 1965 animal
602 1929 737 1966 tuum
757 1919 1015 1984 adaquare,
1035 1920 1207 1967 accede
1225 1920 1284 1966 ad
1299 1930 1517 1985 puteum,
1543 1930 1588 1965 et
1604 1920 1826 1966 hauriens

407 1994 544 2042 dahis
566 1997 625 2043 ei.
655 2000 774 2044 Nam
796 2013 886 2060 ego
916 1997 1049 2061 quod
1082 1997 1192 2044 cum
1215 1997 1379 2044 labore
1411 1997 1559 2044 detuli
1584 2014 1683 2043 non
1708 2014 1827 2061 prae-

406 2072 562 2134 bebo;
591 2093 613 2118 »
634 2084 680 2121 et
697 2074 797 2121 haec
821 2074 985 2121 dicens
1008 2075 1246 2139 praeteriit.
1269 2078 1378 2133 Quo
1402 2074 1674 2121 discedente
1698 2076 1827 2121 venit

409 2152 627 2214 protinus
651 2151 839 2207 mulier,
866 2161 913 2198 et
938 2152 1039 2216 ipsa
1061 2152 1276 2199 deferens
1309 2169 1484 2216 aquam
1518 2153 1566 2198 in
1591 2168 1762 2199 urnam
1785 2155 1820 2212 ²3

408 2227 620 2292 dixitque
650 2229 693 2275 ei
720 2228 933 2275 similiter
962 2229 1033 2275 vir
1058 2229 1161 2276 Dei.
1191 2231 1306 2286 Quae
1329 2229 1454 2276 illico
1487 2230 1553 2289 ei,
1587 2246 1642 2276 ac
1673 2230 1712 2276 si
1737 2232 1824 2277 Re-

408 2305 553 2353 becca
601 2306 847 2371 quondam
891 2307 1089 2354 audiens
1123 2308 1346 2354 nuntium
1374 2308 1494 2355 Dei³
1528 2325 1538 2353 :
1581 2327 1604 2352 «
1648 2311 1703 2355 Et
1739 2308 1824 2355 tibi

408 2384 650 2449 praebebo,
677 2386 758 2446 ait,
786 2394 831 2431 et
853 2385 987 2431 asino
1011 2393 1093 2431 tuo
1118 2395 1312 2450 potum3
1343 2402 1432 2432 nec
1455 2384 1571 2431 mihi
1595 2385 1732 2433 labor
1754 2397 1824 2435 est

409 2471 460 2508 ut
482 2463 655 2510 iterum
674 2462 910 2509 hauriam.
933 2464 1134 2509 Tantum
1158 2462 1377 2510 voluntas
1400 2473 1480 2510 tua
1504 2463 1601 2525 fiat,
1628 2464 1711 2529 qui
1736 2465 1824 2511 iter

459 2656 515 2703 (1)
538 2655 658 2702 2204,
681 2656 783 2692 5329
801 2661 837 2691 et
855 2653 919 2691 alii
941 2656 1217 2691 Sanceonicmn.

461 2719 515 2766 (2)
540 2719 659 2765 2204,
686 2718 787 2754 5329
808 2725 845 2755 et
862 2717 927 2755 alii
942 2719 1067 2754 ulnam
1086 2725 1153 2754 aut
1180 2720 1282 2755 ulna.

461 2778 518 2834 (3)
534 2779 633 2818 Gen.
653 2792 760 2818 xxiv.
