2028 3458
422 290 500 328 208
620 291 684 327 DE
714 289 1005 328 VIRTUTIBUS
1035 290 1207 328 SANCTI
1236 292 1461 329 MARTINI.
1482 312 1533 318 —
1554 293 1622 329 111.

423 393 582 427 suram
605 379 826 442 geniculi,
856 387 902 425 et
933 377 1054 443 pelle
1091 380 1389 444 superposita
1424 379 1486 427 ad
1522 380 1678 445 ipsum
1713 381 1842 442 geni·

424 457 604 514 culum,
639 465 833 501 extenso
861 465 1123 512 retrorsum
1159 457 1378 521 yestigio,
1418 474 1657 519 gressum,
1697 474 1840 520 quem

423 533 546 596 pede
567 531 807 578 nitebatur
829 548 985 595 agere,
1003 532 1123 580 fuste
1147 532 1520 581 adminiculante
1544 534 1836 598 perficiebat.

426 610 493 656 Ad
520 609 807 656 antedictam
829 608 1071 656 basilicam
1110 626 1289 656 novem
1320 620 1429 674 post
1452 627 1604 657 annos
1627 611 1837 668 advenit,

424 688 619 751 fusaque
642 687 858 733 oratione
880 703 965 751 per
989 686 1344 747 triduum,ante
1366 689 1556 734 tertium
1581 688 1840 735 festivitatis

423 763 551 810 diem
579 764 759 828 poplite
795 763 974 811 directo
1008 764 1226 811 surrexit.
1266 764 1558 811 Adveniente
1590 775 1749 812 autem
1777 766 1838 812 ad

423 843 573 889 sancti
597 842 828 889 solemnia
848 842 1048 906 populo,
1069 842 1272 907 qualiter
1295 859 1380 906 per
1397 843 1626 890 virtutem
1645 844 1747 907 ejus
1767 860 1839 890 sa-

422 929 562 968 natus
584 929 723 979 esset,
747 919 954 966 edocuit.
990 937 993 939 ’

1020 1058 1174 1093 CAPUT
1191 1058 1239 1092 X.

928 1142 979 1176 De
998 1142 1083 1176 tibia
1108 1142 1227 1176 matt-is
1246 1155 1343 1177 meae.

487 1229 624 1275 Matri
643 1244 757 1275 vero
784 1244 898 1274 meae
920 1227 1016 1275 hoe
1041 1229 1211 1276 ordine
1240 1229 1390 1276 virtus
1410 1230 1560 1276 sancti
1595 1228 1832 1276 subvenit.

418 1308 654 1370 Tempore
690 1321 787 1368 quo
829 1306 1074 1351 transactis
1108 1306 1434 1369 parturitionis
1474 1305 1723 1352 doloribus
1762 1321 1838 1351 me

421 1382 590 1443 edidit,
619 1381 835 1428 dolorem
871 1381 917 1427 in
952 1399 1050 1429 uno
1085 1375 1209 1429 t'ibiae
1236 1383 1452 1429 musculo
1490 1382 1702 1428 incurrit.
1731 1385 1839 1428 Erat

422 1468 582 1507 autem
608 1458 883 1505 subitaneus
914 1469 1144 1523 tanquam
1179 1461 1216 1506 si
1253 1460 1413 1507 clavus
1447 1459 1659 1522 affigens,
1697 1468 1839 1521 atque

420 1537 485 1583 ita
509 1535 670 1584 fictam
699 1536 1024 1601 gravissimam
1055 1536 1200 1583 dabat
1230 1547 1283 1583 ut
1311 1537 1593 1601 plerumque
1625 1536 1837 1600 eclipsim

421 1623 681 1676 generaret,
708 1629 797 1660 nec
835 1624 935 1660 erat
964 1614 1097 1678 quod
1133 1630 1245 1660 eum
1284 1614 1499 1676 mitigare
1533 1622 1709 1677 posset,
1749 1613 1838 1658 nisi

419 1707 531 1737 cum
572 1690 836 1738 diutissime
873 1701 1039 1737 contra
1071 1691 1231 1754 ignem
1269 1701 1427 1738 tentus
1471 1707 1499 1737 a
1530 1706 1708 1755 vapore
1747 1690 1839 1736 foci

421 1768 802 1833 obstupesceret:
827 1768 911 1815 sed
929 1778 975 1815 et
992 1768 1030 1814 si
1051 1778 1347 1832 unguentum
1361 1768 1558 1832 aliquod
1583 1783 1840 1832 parumper

419 1844 581 1891 fuisset
602 1843 830 1902 infusum,
857 1844 1147 1907 quiescebat.
1172 1844 1298 1901 Quid
1318 1843 1487 1908 plura?
1512 1846 1621 1889 Post
1644 1842 1838 1889 ordina·

419 1922 599 1967 tionem
629 1937 785 1968 meam
810 1921 1001 1968 advenit
1026 1922 1229 1968 Turonis
1258 1922 1330 1968 vel
1356 1921 1417 1968 ad
1441 1937 1693 1968 occursum
1715 1921 1836 1966 anti-

420 1998 539 2044 stitis
564 1999 729 2058 sancti,
763 1999 838 2044 vel
876 2014 1016 2045 causa
1043 1996 1266 2045 desiderii
1295 1999 1405 2045 mei.
1436 2001 1559 2044 Cum
1590 1997 1666 2044 hic
1697 1998 1838 2061 igitur

420 2092 507 2139 per
520 2076 642 2122 duos
655 2086 734 2122 aut
750 2085 845 2122 tres
862 2093 1048 2123 menses
1064 2086 1363 2123 commorata
1385 2076 1563 2133 fuisset,
1584 2085 1628 2122 et
1649 2075 1836 2121 assidue

418 2150 545 2198 beati
580 2151 818 2216 pontificis
851 2151 1078 2198 auxilium
1115 2162 1417 2216 precaretur;
1459 2152 1653 2198 tandem
1686 2152 1837 2215 respi-

418 2229 571 2275 ciente
588 2229 889 2274 miseratione
907 2239 1153 2290 consueta,
1175 2229 1385 2276 discessit
1403 2229 1545 2275 dolor
1560 2246 1586 2275 a
1601 2228 1735 2287 tibia,
1754 2228 1835 2292 qui

418 2322 504 2371 per
538 2307 725 2371 triginta
758 2316 962 2369 quatuor
991 2323 1144 2354 annos
1177 2307 1402 2354 feminam
1442 2308 1732 2370 fatigaverat.

1001 2450 1155 2484 CAPUT
1188 2450 1253 2484 xl.

878 2534 929 2568 De
947 2534 1102 2568 mulieris
1120 2546 1226 2568 manu
1246 2542 1377 2568 sanata.

484 2616 577 2664 Sed
594 2626 640 2663 et
662 2616 751 2663 alia
776 2617 945 2664 mulier
969 2617 1029 2663 de
1052 2617 1305 2681 Andegavo
1330 2619 1583 2676 territorio,
1613 2619 1767 2683 digitis
1785 2620 1832 2665 in

419 2693 575 2758 palma
598 2685 780 2754 defixis,
797 2703 848 2739 ut
871 2693 930 2740 ad
953 2693 1110 2740 locum
1136 2705 1351 2741 sanctum
1377 2713 1540 2760 preces
1563 2696 1747 2754 effudit,
1766 2696 1835 2742 di-

420 2772 525 2833 gitis
542 2771 748 2829 direcfis,
777 2781 938 2818 sanata
962 2788 1106 2818 manu
1131 2772 1357 2819 discessit.
