2028 3458
417 382 492 420 124
634 381 700 417 DE
729 378 1022 417 VIRTUTIBUS
1051 377 1224 414 SANCTI
1251 376 1476 413 MARTINI.
1498 395 1552 404 --
1570 376 1622 413 11.

412 485 654 534 manuque
678 465 997 516 contrahitur.
1024 462 1118 511 Sed
1140 463 1448 530 parcimoniae
1469 480 1520 511 se
1552 464 1726 511 iterum
1750 462 1832 510 de-

412 557 601 613 putanS,
630 554 867 610 caputque
889 553 1163 603 tonsurans,
1187 559 1378 590 rursum
1395 541 1523 591 beati
1538 542 1711 589 virtute
1728 538 1833 587 red·

413 624 540 671 ditur
559 623 762 670 sanitati.

972 730 1131 766 CAPUT
1158 729 1264 765 XIX.

783 847 788 854 „
825 817 877 852 De
892 815 1142 852 Theudomere
1155 815 1308 851 diacono
1321 827 1426 851 caeco.

474 921 601 965 Dum
623 915 810 980 singula
836 932 1038 980 quaeque
1065 915 1294 963 miracula
1322 913 1452 962 beati
1475 913 1565 961 viri
1592 915 1833 963 succincte

408 995 676 1053 scribimUS,
708 1010 797 1040 nec
821 1009 877 1040 ea
909 993 957 1040 in
985 993 1272 1059 ampliorem
1303 1008 1578 1039 sermonem
1607 991 1833 1055 expandi-

407 1089 531 1132 mus,
551 1071 764 1119 verendo
789 1071 946 1132 valde,
974 1081 1118 1135 atque
1141 1069 1357 1117 timendo
1381 1070 1470 1116 iter
1495 1070 1737 1134 carpimus
1759 1069 1832 1114 in-

407 1150 653 1208 choatum,
680 1166 741 1196 ne
761 1149 882 1196 forte
902 1149 1088 1196 dicatur
1107 1166 1134 1196 a
1159 1147 1553 1214 prudentioribus
1581 1166 1593 1193 :
1628 1146 1832 1192 Multum

408 1227 506 1274 haec
522 1237 709 1292 poterat
726 1227 906 1292 peritus
929 1226 1202 1274 extendere.
1230 1226 1324 1273 Sed
1349 1225 1491 1273 nobis
1513 1225 1563 1271 in
1588 1224 1833 1271 ecclesias-

407 1304 503 1351 tico
532 1303 755 1366 dogmate
782 1304 1082 1351 versantibus
1109 1303 1300 1351 videtur
1325 1313 1378 1350 ut
1404 1302 1603 1349 historia
1631 1318 1736 1366 quae
1771 1301 1833 1348 ad

406 1381 770 1429 aedificationem
809 1382 1017 1430 ecclesiae
1053 1382 1285 1448 pertinet,
1323 1381 1590 1447 postposita
1623 1379 1835 1427 verbosi-

405 1469 516 1521 tate,
543 1459 676 1507 brevi
706 1470 849 1524 atque
872 1460 1076 1526 simplici
1110 1476 1333 1508 sermone
1365 1468 1569 1518 texatur,
1596 1467 1648 1504 ut
1670 1467 1718 1504 et
1736 1457 1831 1503 vir-

407 1547 557 1585 tutem
578 1538 705 1586 beati
729 1539 952 1588 antistitis
973 1538 1173 1604 prodat,
1198 1547 1246 1585 et
1269 1536 1564 1604 sapientibus
1586 1534 1832 1583 fastidium

405 1632 506 1663 non
529 1617 763 1683 imponat.
794 1621 903 1676 Quo
926 1617 1050 1664 facto
1084 1626 1133 1663 et
1161 1616 1314 1664 lector
1337 1624 1629 1682 provocetur
1658 1614 1708 1661 in
1731 1613 1831 1660 lec·

405 1694 561 1752 tione,
599 1705 647 1742 et
677 1705 867 1743 sanctus
903 1694 1136 1761 prodatur
1164 1695 1211 1742 in
1245 1710 1411 1760 opere.

469 1772 813 1821 Theudomeris
833 1776 844 1799 ¹
870 1773 1105 1821 diaconus
1137 1790 1249 1820 cum
1282 1789 1379 1838 pree
1402 1772 1610 1818 hutnore
1633 1771 1801 1836 capitis
1817 1808 1829 1829 ‚

405 1849 735 1899 decidentibus
765 1852 1012 1900 cataractis
1052 1852 1304 1899 oculorum
1333 1850 1490 1897 aditus
1522 1849 1723 1897 haberet
1745 1865 1833 1913 per

406 1937 611 1991 quatuor
641 1946 795 1978 annos
832 1931 1035 1994 graviter
1071 1929 1339 1989 obseratOS,
1372 1928 1503 1975 venit
1526 1926 1588 1974 ad
1610 1926 1831 1973 cellulam

405 2007 808 2065 Condatensem’,
844 2009 891 2054 in
931 2024 1029 2074 qua
1067 2008 1140 2053 vir
1171 2007 1336 2054 beatus
1370 2005 1574 2052 transiit.
1618 2006 1830 2050 Prostra-

406 2093 576 2147 tusque
598 2084 658 2131 ad
677 2084 777 2147 ejus
793 2084 1040 2143 lectulum,
1066 2094 1208 2131 nocte
1227 2092 1325 2130 tota
1347 2081 1568 2145 lacrymis
1590 2090 1635 2127 et
1656 2081 1829 2127 oratio-

405 2161 548 2208 nibus
580 2162 808 2222 deducta,
836 2161 1097 2208 immobilis
1130 2161 1383 2208 madefecit
1413 2169 1587 2206 terram
1618 2158 1827 2218 fletibus,

405 2239 650 2304 tepuitque
686 2240 896 2304 suspiriis
933 2241 1033 2304 ejus
1072 2239 1345 2287 venerabile
1379 2238 1563 2300 lignum
1600 2234 1826 2293 cancelli3

404 2317 672 2364 lucescente
704 2327 865 2364 autem
898 2317 998 2376 die,
1038 2319 1254 2366 reseratis
1285 2315 1529 2363 cataractis
1558 2314 1824 2372 luminum,

406 2393 567 2441 lumen
584 2395 740 2442 videre
758 2396 1039 2460 promeruit.
1062 2395 1189 2453 Quid
1207 2410 1420 2459 unquam
1439 2393 1532 2441 tale
1550 2392 1701 2439 fecere
1717 2406 1830 2437 cum

405 2470 702 2520 ferramentis
730 2472 922 2535 medici,
950 2489 1062 2520 cum
1096 2472 1201 2538 plus
1227 2472 1407 2520 doloris
1439 2470 1685 2535 negotium
1718 2484 1827 2515 exe-

457 2690 511 2737 (¹)
526 2689 645 2737 Alias,
678 2690 940 2728 Tloeodomeris
960 2703 1026 2728 seu
1051 2691 1339 2728 Theudomerus.
1368 2689 1449 2739 (R.)
1472 2712 1525 2718 --
1543 2689 1639 2727 3801
1665 2716 1675 2734 ,
1696 2686 1824 2727 Cl.-F.

405 2754 688 2801 Theodomeris;
711 2757 831 2803 5329,
850 2756 1108 2794 leeodemeris
1120 2771 1134 2802 ;
1157 2758 1276 2807 5334,
1299 2769 1385 2808 sup.
1408 2756 1503 2802 243,
1531 2754 1827 2795 Theodomerus;

403 2820 491 2870 Sag.
517 2821 799 2861 leconomerus.

456 2885 510 2934 (2)
529 2887 625 2924 3801
654 2888 941 2935 condatensim;
961 2888 1084 2927 Cl,-F.
1108 2888 1397 2927 Condadensimz
