2028 3458
430 369 505 404 1⁶22
646 369 710 405 DE
739 366 1035 405 VIRTUTIBUS
1064 366 1240 404 SANCTI
1268 369 1495 405 MARTINI.
1520 390 1573 396 -
1594 370 1644 405 ΙΙ.

426 466 479 504 ut
512 456 598 503 sibi
628 455 879 522 praesentia
913 455 1099 502 cunctis
1130 455 1354 519 suffragia
1391 456 1718 503 subvenirent.
1758 456 1854 504 Sed

425 551 537 581 cum
552 534 725 581 eodem
741 533 790 579 in
807 532 917 579 loco
937 531 1110 596 plenus
1128 531 1222 580 fide
1237 534 1461 595 venisset,
1482 533 1725 581 ardentius
1741 551 1855 581 eum

425 612 532 658 saevi
559 610 790 657 daemonis
822 610 981 674 pulsat
1014 609 1248 657 audacia:
1278 627 1367 657 nec
1401 612 1445 658 ei
1478 611 1652 658 licebat
1677 612 1855 658 atrium

424 688 586 753 egredi
611 697 809 752 propter
831 687 1077 751 publicam
1098 687 1373 735 daemonum
1396 689 1750 736 infestationem
1771 708 1782 736 ε
1804 690 1853 736 in

424 764 546 811 atrio
572 774 730 810 tamen
757 763 876 809 nihil
900 762 1186 810 nocebatur.
1212 766 1333 811 Nam
1354 765 1601 812 visibiliter
1624 782 1736 812 cum
1760 781 1856 811 ma-

423 859 519 906 gno
534 842 995 906 armorumStrepitu
1017 843 1279 899 venientes,
1299 842 1601 890 conabantur
1622 860 1733 890 eum
1749 859 1852 890 cas·

423 922 485 968 sis
504 920 711 968 telorum
728 920 1033 967 acuminibus
1050 920 1323 985 perfodere.
1345 920 1490 978 Quod
1506 921 1544 967 si
1562 938 1611 968 se
1630 921 1856 969 subderet

423 1009 557 1045 terrae
573 1034 585 1057 ,
609 1015 835 1046 ranarum
860 1016 1004 1063 super
1037 1015 1149 1046 eum
1181 999 1440 1046 multitudo
1465 999 1707 1046 horribilis
1732 1000 1855 1046 desi-

422 1075 511 1123 lire
535 1075 807 1123 videbatur.
836 1077 930 1123 Sed
953 1085 1000 1123 et
1024 1093 1167 1123 voces
1189 1076 1383 1142 publice
1416 1076 1476 1123 ab
1509 1094 1567 1124 eo
1592 1076 1856 1124 audieban-

425 1165 502 1202 tur
525 1154 940 1219 exprobrantium,
967 1165 1013 1202 et
1036 1154 1298 1202 dicentium
1329 1173 1338 1201 ε
1372 1175 1394 1198 «
1423 1156 1679 1214 Martinus,
1709 1171 1854 1219 quem

422 1234 656 1298 expetisti,
683 1232 803 1280 nihil
839 1234 1017 1298 poterit
1040 1233 1125 1280 tibi
1155 1232 1430 1295 subvenire,
1457 1234 1570 1298 quia
1602 1234 1778 1280 nostris
1806 1251 1856 1280 es

422 1310 683 1357 ditionibus
714 1311 1031 1376 mancipatus.
1068 1330 1088 1354 υ
1117 1310 1211 1357 Sed
1243 1311 1322 1358 ille
1348 1311 1409 1358 ad
1440 1311 1542 1358 haec
1574 1310 1778 1358 fidenter
1808 1321 1856 1357 et

422 1388 681 1435 immobilis
699 1389 887 1452 signum
905 1389 1060 1436 crucis
1078 1406 1353 1453 opponens,
1371 1388 1644 1436 terribiliter
1666 1406 1749 1436 eos
1768 1406 1855 1454 per

423 1482 533 1513 aera
552 1475 771 1513 tenerum
791 1465 1048 1529 effugabat.
1074 1468 1187 1513 Post
1201 1466 1287 1513 has
1305 1476 1467 1513 autem
1486 1483 1659 1513 vacuas
1677 1476 1723 1513 et
1743 1467 1849 1512 ina-

422 1560 507 1590 nes
530 1543 865 1604 immissiones,
889 1560 1001 1591 cum
1026 1543 1209 1591 videret
1234 1545 1455 1592 inimicus
1478 1562 1591 1592 eum
1616 1544 1706 1591 sibi
1734 1545 1849 1591 vin-

422 1620 583 1668 dicare
607 1638 706 1668 non
735 1638 899 1686 posse,
926 1621 1050 1668 dolis
1085 1639 1197 1669 eum
1230 1623 1429 1670 tentavit
1460 1622 1678 1670 illudere.
1706 1625 1852 1669 Com-

422 1716 611 1764 ponens
636 1716 844 1765 namque
874 1717 924 1747 se
950 1701 999 1746 in
1033 1701 1192 1765 specie
1213 1701 1428 1749 veterani
1453 1701 1585 1747 venit
1616 1700 1678 1747 ad
1713 1717 1849 1758 eum,

422 1776 588 1824 dicens
612 1795 622 1823 ι
653 1799 675 1821 (ι
695 1781 794 1843 Ego
818 1795 924 1825 sum
945 1778 1193 1839 Martinus,
1212 1796 1358 1843 quem
1376 1779 1601 1838 invocas;
1629 1794 1786 1841 surge,
1804 1787 1851 1823 et

423 1853 572 1902 adora
596 1871 762 1902 coram
786 1872 885 1916 me,
914 1856 952 1903 si
968 1856 1038 1903 vis
1061 1857 1272 1922 recipere
1301 1857 1571 1904 sanitatem.
1607 1877 1629 1900 2>
1663 1856 1751 1903 Cui
1787 1856 1852 1902 ait

422 1931 500 1979 ille
524 1950 534 1978 ε
562 1951 586 1977 «
602 1933 649 1979 Si
669 1943 722 1980 tu
736 1950 786 1981 es
804 1934 1014 1981 domnus
1033 1935 1281 1993 Martinus,
1304 1934 1377 1981 fac
1399 1951 1542 1999 super
1559 1951 1636 1981 me
1657 1935 1847 1997 signum

422 2010 593 2069 crucis,
621 2020 668 2057 et
691 2011 901 2059 credam.
925 2022 950 2056 '»
979 2017 1040 2060 At
1070 2011 1148 2058 ille
1177 2012 1342 2058 audito
1367 2012 1568 2058 nomine
1603 2012 1721 2074 signi
1761 2010 1851 2057 sibi

422 2103 611 2152 semper
645 2090 891 2150 contrarii,
924 2099 1155 2152 tanquam
1181 2089 1341 2136 fumus
1364 2090 1575 2136 evanuit.
1611 2092 1722 2135 Post
1749 2088 1850 2134 haec

422 2173 581 2210 autem
617 2174 748 2212 stans
780 2165 842 2212 ad
882 2166 1028 2230 pedes
1067 2166 1261 2227 gloriosi
1302 2165 1469 2213 domni
1504 2168 1655 2214 sactus
1693 2176 1764 2212 est
1800 2166 1847 2211 in

422 2251 618 2306 stupore
648 2243 847 2302 mentis,
879 2253 925 2290 et
958 2243 1078 2290 vidit
1105 2243 1297 2290 beatam
1327 2243 1573 2291 basilicam
1610 2260 1741 2290 novo
1776 2243 1848 2290 lu-

423 2319 550 2366 mine
588 2320 840 2384 effulgere3
883 2338 940 2368 ex
979 2338 1075 2386 qua
1117 2322 1367 2384 egrediens
1407 2332 1597 2369 sanctus
1632 2322 1750 2369 dixit
1787 2321 1848 2368 ad

422 2413 533 2444 eum
555 2415 565 2443 τ
596 2417 618 2442 «
649 2399 879 2446 Exaudita
906 2409 975 2446 est
998 2399 1151 2445 oratio
1175 2409 1272 2459 tua,
1299 2410 1346 2446 et
1371 2416 1481 2447 ecce
1500 2401 1591 2447 eris
1618 2416 1763 2447 sanus
1789 2399 1849 2446 ab

422 2474 698 2523 infirmitate
714 2493 860 2541 quam
879 2478 1069 2542 pateris.
1092 2497 1115 2521 »
1132 2481 1189 2524 Et
1204 2479 1270 2525 sic
1287 2477 1437 2526 beatae
1452 2480 1607 2525 crucis
1627 2479 1849 2542 signacu-

422 2552 520 2600 lum
539 2571 683 2619 super
707 2565 852 2620 caput
873 2555 974 2619 ejus
1005 2556 1180 2603 faciens
1203 2556 1445 2603 abscessit.
1476 2556 1558 2603 Ille
1582 2574 1696 2604 vero
1726 2557 1774 2603 in
1799 2573 1849 2603 se

422 2648 661 2692 reversus,
689 2634 862 2680 amotis
893 2634 1121 2680 omnibus
1157 2634 1364 2693 insidiis,
1390 2634 1591 2681 salutem
1628 2651 1678 2682 se
1705 2634 1850 2681 sensit

420 2710 655 2775 integram
684 2713 935 2777 recepisse.
963 2716 1140 2760 Tamen
1168 2723 1275 2777 post
1299 2723 1539 2778 receptam
1568 2715 1817 2761 sanitatem
1834 2748 1846 2770 ,

421 2804 533 2834 cum
561 2790 780 2855 coepisset
801 2791 914 2836 vino
946 2790 1011 2836 uti
1045 2791 1302 2856 superflue,
1334 2807 1608 2856 corpusque
1634 2791 1734 2854 ejus
1764 2790 1844 2836 diu

422 2864 694 2913 abstentum
731 2867 885 2915 imbre
910 2868 1184 2927 maduisset,
1216 2870 1337 2915 latus
1374 2869 1416 2916 ei
1452 2885 1563 2916 cum
1592 2885 1691 2915 uno
1724 2867 1847 2932 pede
