2028 3458
354 335 400 371 74
583 334 647 369 DE
678 329 971 368 VIR'I'UTIBUS
996 327 1170 365 SANCTI
1197 326 1422 363 MARTINI.
1443 345 1494 352 —
1516 326 1548 363 1.

349 420 705 477 transmisisset,
747 415 997 463 audierant
1030 413 1160 461 enim
1196 411 1375 459 ibidem
1409 409 1593 475 aliquid
1624 409 1767 456 fuisse

348 498 586 561 largitum.
619 495 712 553 Qui
735 494 800 541 ait
830 509 943 539 cum
973 500 1272 539 sacramento
1296 507 1307 536 ε
1338 509 1361 535 «
1390 492 1480 536 Per
1507 488 1639 535 hunc
1661 503 1767 534 san-

348 585 475 623 ctum
490 575 650 622 locum
670 582 717 620 et
726 572 921 618 virtutes
938 569 1107 616 domni
1122 568 1326 627 Martini,
1337 567 1449 632 quia
1466 566 1547 613 hic
1561 565 1767 631 amplius

349 671 447 701 non
494 652 623 700 venit
660 667 805 713 quam
845 665 968 695 unus
1011 656 1278 710 argenteus.
1315 666 1338 690 n
1380 645 1596 692 Necdum
1639 644 1767 691 enim

349 731 493 778 verba
512 728 851 794 compleverat,
874 725 957 772 sed
980 724 1138 772 adhuc
1157 724 1205 770 in
1227 741 1311 771 ore
1330 740 1488 771 sermo
1509 721 1766 788 pendebat,

348 826 458 857 cum
481 809 636 856 statim
656 816 865 862 tremens
885 804 1068 851 corruit
1092 803 1142 850 in
1165 811 1358 861 terram,
1386 817 1572 864 suoque
1595 799 1770 846 lectulo

349 886 551 934 aliorum
589 883 811 932 manibus
840 881 1074 942 redditus,
1102 880 1246 945 coepit
1269 879 1473 942 graviter
1506 876 1767 941 singultire.

353 967 672 1026 interrogatus
694 971 855 1009 autem
877 976 904 1006 a
927 956 1347 1006 circumstantibus
1368 955 1486 1021 quid
1513 955 1605 1003 sibi
1625 965 1768 1014 esset,

349 1040 599 1107 respondit
625 1056 636 1085 τ
667 1059 690 1082 α
715 1038 956 1085 Triantem
979 1036 1114 1083 illum
1137 1052 1282 1100 quem
1301 1050 1537 1100 pauperes
1558 1034 1772 1097 require-

348 1117 482 1177 bant,
509 1115 766 1182 perjuravi,
786 1123 834 1161 et
849 1113 960 1160 ideo
979 1129 1056 1159 me
1076 1128 1281 1178 praesens
1300 1111 1509 1158 vindicta
1533 1110 1738 1174 flagellat
1760 1127 1770 1155 :

349 1194 435 1243 sed
474 1210 593 1257 rogo
626 1202 678 1239 ut
715 1208 826 1239 eum
866 1190 1153 1256 accipientes
1190 1187 1400 1236 reddatis
1438 1187 1714 1235 matriculae.
1746 1206 1771 1232 »

352 1277 463 1331 Quo
499 1270 707 1329 reddito,
742 1269 904 1317 statim
939 1268 1094 1316 emisit
1124 1267 1363 1332 spiritum.
1390 1268 1433 1313 Ο
1458 1265 1621 1312 infelix
1636 1268 1666 1324 ¹,
1693 1265 1776 1328 qui

351 1351 418 1398 sic
441 1349 502 1398 ab
520 1350 684 1413 iniqua
702 1347 963 1412 cupiditate
981 1356 1249 1411 praeventus
1269 1345 1426 1410 periit,
1451 1354 1504 1391 ut
1522 1354 1569 1391 et
1587 1344 1776 1390 lucrum

353 1429 456 1475 vitae
479 1426 716 1493 perderet,
744 1441 833 1472 nec
855 1424 1034 1471 damna
1055 1423 1237 1488 adeptae
1254 1423 1467 1488 pecuniae
1486 1421 1771 1487 possideret.

353 1505 446 1553 Sed
468 1506 530 1553 ad
559 1502 674 1569 quid
704 1520 803 1550 non
837 1502 1055 1549 mortalia
1093 1511 1288 1567 pectora
1322 1501 1450 1565 cogit
1487 1499 1776 1547 exsecranda

353 1582 622 1647 cupiditas?
640 1584 756 1640 Quae
778 1579 942 1627 invida
965 1579 1216 1643 quondam
1236 1578 1392 1626 viduae
1412 1578 1604 1625 duobus
1623 1577 1779 1623 minu-

354 1660 412 1707 tis
433 1659 621 1707 coeleste
648 1674 849 1721 regnum
879 1657 1110 1703 mercanti
1134 1657 1311 1715 fueras,
1349 1655 1498 1703 modo
1526 1655 1658 1701 hunc
1691 1670 1778 1719 per

352 1753 506 1784 unum
525 1737 747 1784 triantem
765 1734 827 1782 ad
849 1734 945 1781 ima
966 1735 1248 1799 praecipitas.
1277 1737 1335 1781 Et
1358 1750 1464 1798 quae
1490 1731 1663 1779 Judam
1688 1747 1777 1795 ap-

352 1814 559 1880 pendisti
587 1814 760 1877 laqueo
783 1812 831 1858 in
865 1812 1076 1875 magistri
1101 1812 1282 1877 pretio,
1310 1811 1441 1858 hunc
1464 1827 1551 1876 per
1573 1825 1777 1875 parvum

352 1890 591 1938 numisma
614 1886 848 1951 demergis
868 1886 917 1932 in
931 1889 1140 1935 Tartara.
1161 1888 1282 1935 Satis
1304 1903 1419 1952 ergo
1439 1886 1543 1933 haec
1564 1884 1626 1932 ad
1648 1900 1778 1932 com-

354 1965 654 2032 primendam
680 1964 920 2013 malorum
945 1966 1260 2013 temeritatem
1277 1965 1404 2013 dicta
1425 1963 1663 2012 sufficiant
1677 1965 1707 2009 ².

889 2119 1048 2156 CAPUT
1076 2120 1236 2161 XXXII.

458 2211 621 2256 Qualiter
636 2225 692 2249 me
707 2214 819 2250 virtus
833 2215 910 2263 ejus
927 2214 971 2249 ab
988 2211 1193 2249 infirmitate
1207 2210 1415 2247 restauravit
1431 2209 1664 2246 incolumem.

421 2304 545 2367 Ergo
567 2302 643 2350 his
665 2304 839 2352 exactis
862 2320 970 2370 quae
999 2304 1127 2351 circa
1150 2301 1269 2350 alios
1296 2310 1423 2365 gesta
1449 2311 1558 2348 sunt
1573 2338 1585 2360 ‚
1611 2317 1775 2365 aggre-

355 2379 461 2428 diar
483 2398 587 2446 quae
610 2381 734 2431 circa
756 2399 834 2430 me
856 2381 1110 2446 indignum
1129 2379 1280 2428 virtus
1307 2379 1549 2446 praesentis
1571 2389 1640 2426 est
1660 2396 1775 2444 ope—

357 2468 458 2506 rata
481 2459 686 2524 patroni.
722 2462 858 2507 Anno
891 2459 1154 2508 centesimo
1184 2457 1476 2521 sexagesimo
1498 2457 1638 2504 tertio
1667 2467 1777 2522 post

357 2536 731 2601 assumptionem
750 2538 899 2585 sancti
920 2553 976 2585 ac
999 2535 1314 2603 praedicabilis
1332 2536 1420 2582 viri
1440 2535 1567 2583 beati
1589 2535 1774 2581 Martini

359 2613 595 2674 antistitis,
621 2625 811 2678 regente
832 2614 1078 2663 ecclesiam
1097 2614 1382 2661 Turonicam
1409 2622 1574 2661 sancto
1601 2612 1774 2660 Eufro-

412 2771 465 2816 si)
484 2769 576 2817 Quae
595 2769 806 2820 sequuntur
823 2770 870 2808 ad
891 2771 1006 2809 finem
1026 2769 1161 2821 capitis
1184 2769 1322 2808 desunt
1339 2769 1380 2808 in
1397 2767 1506 2808 Colb.
1530 2767 1569 2807 b.
1594 2769 1674 2814 (R.)

361 2853 364 2857 ·
411 2836 465 2882 (2)
486 2837 572 2873 uaec
592 2847 731 2873 novem
753 2835 883 2873 uitium
901 2835 1021 2874 verba
1040 2848 1118 2873 non
1141 2834 1256 2875 habet
1274 2835 1401 2874 (lt-F.
