2028 3458
486 256 561 293 414
851 255 918 291 DE
946 254 1132 292 GLORIA
1160 255 1526 293 CONFESSORUM.

485 358 619 389 eraso
640 341 849 406 pulvere,
870 341 1037 388 hausta
1059 341 1308 402 dilutione,
1329 344 1567 410 extemplo
1590 346 1899 408 consequitur

484 421 783 484 sospitatem3
816 418 946 466 unde
981 428 1077 466 tam
1101 420 1323 484 frequens
1345 422 1546 486 exigitur
1579 422 1898 470 medicamen-

486 506 604 554 tum,
633 505 685 542 ut
707 513 795 561 pro
820 496 1019 542 assiduis
1040 495 1386 544 beneficiorum
1408 499 1675 547 commodis
1697 499 1899 546 transfo-

483 583 640 621 ratum
684 574 743 622 ab
787 574 1121 640 aspicientibus
1157 586 1395 623 cernatur.
1442 579 1478 622 E
1510 579 1703 642 regione
1740 587 1899 625 autem

484 651 624 715 hujus
647 650 866 716 sepulcri,
896 653 934 699 si
958 652 1236 716 ingrediaris
1263 670 1350 719 per
1375 654 1548 701 ostium
1579 656 1625 702 in
1657 655 1899 703 basilicam

484 730 631 776 sancti
664 730 952 790 Venerandi‚
983 730 1147 779 dextra
1179 730 1240 777 de
1270 742 1403 795 parte
1434 731 1706 796 sepulcrum
1729 750 1897 797 parvu-

482 805 584 853 lum
623 805 1024 872 contemplaberis
1063 823 1206 872 super
1241 817 1415 854 terram
1454 809 1624 868 situm,
1668 809 1902 856 rusticiori

485 883 742 931 formatum
789 883 949 949 lapide
971 921 983 944 ,
1031 883 1115 931 sed
1161 884 1379 948 ignotum
1426 895 1496 933 est
1534 885 1759 933 omnibus
1798 886 1902 949 quis

482 963 692 1026 quiescat
713 963 762 1009 in
785 978 860 1009 eo.
892 965 1010 1009 Nam
1029 961 1197 1010 haberi
1226 963 1275 1009 in
1299 979 1357 1010 eo
1376 963 1595 1010 divinum
1629 962 1809 1028 aliquid
1829 980 1904 1010 res

481 1039 582 1104 ipsa
600 1056 745 1104 quam
765 1039 977 1087 dicturus
1002 1056 1109 1088 sum
1131 1040 1316 1105 pandit.
1346 1041 1590 1089 Mendicus
1612 1041 1826 1106 quidam,
1851 1051 1904 1087 ut

483 1115 571 1179 ipsi
596 1116 746 1163 oculis
771 1116 946 1163 nostris
976 1116 1269 1181 inspeximus
1287 1153 1299 1175 ,
1326 1133 1469 1182 super
1491 1118 1649 1182 ipsum
1674 1128 1774 1164 erat
1795 1115 1905 1164 soli-

483 1202 559 1239 tus
601 1194 865 1252 considere,
900 1193 983 1240 sed
1011 1193 1158 1241 credo
1193 1211 1321 1253 eum,
1355 1206 1408 1241 ut
1437 1195 1658 1258 fragilitas
1694 1195 1906 1242 humana

483 1272 679 1335 praebet,
727 1273 775 1318 in
817 1271 1012 1335 aliquod
1060 1272 1309 1335 indignum
1353 1273 1537 1320 facinus
1571 1273 1856 1320 obvolutum
1890 1291 1899 1318 :

483 1349 594 1412 quia
618 1350 789 1396 virtute
815 1349 1100 1413 quiescentis
1128 1367 1239 1396 curn
1270 1350 1428 1396 sonitu
1462 1367 1635 1415 magno
1662 1367 1901 1410 excussuS,

482 1425 624 1488 longe
658 1426 897 1490 projectus
934 1436 1019 1485 est,
1054 1426 1423 1490 sepulcrumque
1458 1427 1669 1474 medium
1700 1428 1901 1493 crepuit,

482 1502 614 1566 quod
658 1520 805 1566 usque
836 1520 964 1549 nunc
1003 1504 1068 1549 ita
1099 1504 1326 1550 cernitur.
1359 1504 1616 1569 Indignum
1652 1506 1829 1570 quippe
1858 1520 1907 1551 se

482 1579 729 1627 hominem
765 1579 990 1626 humatus
1018 1579 1323 1640 existimavit,
1358 1582 1442 1645 qui
1473 1598 1615 1647 super
1646 1581 1736 1628 hos
1781 1591 1907 1628 artus

482 1656 679 1705 deberet
700 1657 851 1706 facere
872 1658 1151 1705 sessionem.
1178 1660 1231 1704 ln
1253 1658 1343 1705 hac
1367 1659 1494 1705 enim
1516 1658 1708 1706 basilica
1732 1669 1780 1706 et
1796 1658 1908 1706 bea-

482 1745 558 1782 tus
593 1746 770 1799 martyr
797 1735 1046 1782 Liminius¹
1071 1746 1142 1782 est
1172 1736 1384 1801 sepultus
1412 1754 1423 1782 2
1451 1736 1586 1800 cujus
1614 1737 1780 1802 agonis
1811 1737 1907 1783 his-

483 1809 604 1857 toria
633 1826 745 1857 cum
770 1809 831 1857 ab
856 1809 1025 1856 incolis
1047 1819 1284 1872 teneatur,
1317 1810 1476 1858 nullus
1499 1820 1656 1859 tamen
1685 1812 1729 1859 ei
1752 1811 1907 1859 cultus

415 1932 418 1938 .
483 1888 801 1935 venerationis
833 1887 1142 1953 impenditur.
1178 1889 1300 1935 Sunt
1323 1889 1452 1935 enim
1481 1888 1565 1948 ibi,
1601 1899 1651 1937 ut
1681 1889 1902 1947 diximus,

482 1962 733 2011 illustrium
755 1965 1033 2010 meritorum
1056 1963 1160 2024 viri,
1188 1979 1397 2027 quorum
1425 1964 1621 2011 nomina
1647 1965 1811 2028 ignota
1834 1964 1907 2010 in-

483 2039 615 2098 colis,
640 2042 813 2106 scripta
836 2051 1012 2100 tamen,
1041 2050 1094 2088 ut
1114 2041 1372 2101 credimus,
1399 2042 1662 2089 retinentur
1685 2042 1735 2089 in
1758 2041 1902 2089 coelis.

1013 2206 1169 2242 CAPUT
1193 2207 1387 2243 XXXVII.

577 2311 630 2345 De
649 2319 849 2347 sanctorum
864 2312 1071 2348 Venerandi
1087 2313 1347 2360 Nepotianique
1362 2312 1612 2361 episcoporum
1627 2312 1806 2359 sepulcris.

548 2448 628 2493 Est
662 2444 728 2494 ibi
763 2453 810 2494 et
838 2447 1108 2512 sepulcrum
1141 2447 1286 2514 ipsius
1321 2448 1471 2496 sancti
1503 2447 1772 2496 venerandi
1803 2449 1904 2513 epi-

483 2527 632 2591 scopi,
667 2543 695 2573 a
719 2542 817 2590 quo
852 2525 952 2574 haec
980 2526 1103 2574 aedes
1129 2544 1306 2576 nomen
1335 2530 1534 2595 accepit,
1571 2529 1660 2576 sub
1683 2527 1903 2593 analogio

483 2604 830 2668 compositum3
859 2621 1001 2670 super
1028 2605 1179 2670 quod,
1206 2617 1347 2672 caput
1368 2624 1454 2671 per
1486 2606 1773 2655 fenestellam
1797 2607 1901 2671 qui-

539 2778 592 2825 (1)
620 2779 678 2815 De
698 2789 745 2815 eo
764 2778 974 2830 Gregorius
994 2778 1058 2817 lib.
1080 2781 1097 2817 Ι
1117 2782 1235 2828 Ηίετ.,
1257 2794 1341 2832 cap.
1365 2794 1474 2820 xxxx.
