2028 3458
455 236 532 273 362
819 236 884 271 DE
913 234 1101 272 GLORIA
1129 234 1502 273 CONFESSORUM.

454 322 679 369 donatur.
717 322 887 368 Mulier
920 338 1025 386 quae
1052 338 1245 368 sensum
1281 322 1576 386 perdiderat,
1605 334 1652 371 et
1679 324 1876 389 quibus-

454 399 564 446 dam
588 399 719 445 horis
744 398 1037 446 daemonium
1060 399 1317 463 putabatur
1339 400 1535 460 habere,
1564 401 1624 449 de
1645 401 1741 449 hoc
1766 402 1875 449 oleo

453 485 595 535 tacta,
624 485 785 522 sanata
820 486 906 523 est.
945 478 1064 523 Nam
1092 486 1139 523 et
1179 476 1299 523 alius
1334 477 1499 539 abbas,
1532 479 1745 543 ejusdem
1776 479 1877 527 cel-

451 554 558 602 lulae
581 554 846 619 proximus,
873 554 933 601 de
971 554 1066 601 hoc
1099 554 1207 602 oleo
1245 556 1354 603 caeci
1391 556 1557 604 oculos
1592 558 1766 621 attigit,
1793 558 1874 622 qui

450 632 671 698 protinus
699 633 852 679 visum
885 633 1078 698 recepit.
1123 633 1215 680 Sed
1252 643 1299 681 et
1327 651 1439 682 cum
1472 636 1648 683 multos
1681 653 1878 701 energu-

451 726 620 757 menos
644 711 814 758 exinde
838 712 1114 758 restituisset
1134 712 1338 774 sanitati,
1362 713 1444 760 uni
1462 715 1545 778 qui
1569 716 1872 776 atrociorem,

451 798 502 835 ut
540 788 710 847 credo,
747 789 1018 836 daemonem
1052 789 1283 851 habebat,
1317 806 1462 855 super
1495 802 1640 856 caput
1674 792 1734 839 de
1767 793 1876 841 oleo

449 865 642 929 posuit:
672 865 800 912 illico
833 866 1104 913 daemonem
1134 883 1221 931 per
1249 866 1433 914 fluxum
1465 868 1642 915 ventris
1676 870 1872 931 egessit;

449 952 497 989 et
519 942 652 990 alteri
676 943 725 989 in
752 943 930 1007 ungula
952 944 1137 1009 pollicis
1161 943 1452 992 daemonium
1477 946 1739 994 descendit.
1765 951 1875 1005 Quo

449 1019 550 1066 viso
581 1018 830 1084 presbyter
862 1037 1005 1086 super
1028 1020 1229 1085 digitum
1254 1023 1414 1070 oleum
1441 1023 1632 1083 infudit,
1667 1042 1877 1089 moxque

450 1095 668 1161 disrupto
692 1098 843 1159 corio,
871 1099 1102 1163 sanguine
1125 1098 1384 1161 defluente,
1412 1101 1642 1150 discessit.
1666 1105 1775 1151 Haec
1799 1103 1876 1151 ille

451 1172 512 1221 de
535 1173 644 1221 oleo
668 1173 842 1221 retulit.

1042 1334 1200 1372 CAPUT
1230 1337 1278 1372 X.

628 1437 680 1472 De
695 1449 765 1473 uva
778 1437 871 1482 vitis,
889 1449 996 1485 quam
1016 1438 1091 1486 ipse
1108 1439 1292 1487 plantavit,
1311 1448 1346 1475 et
1362 1439 1407 1475 de
1426 1452 1506 1475 cera
1523 1441 1690 1488 sepulcri.

512 1541 582 1586 De
614 1556 708 1588 uva
745 1556 942 1605 quoque
976 1558 1031 1589 ex
1060 1542 1154 1589 vite
1181 1559 1328 1607 quarn
1360 1552 1551 1592 sanctus
1581 1544 1877 1609 plantaverat

447 1616 636 1682 adjecit,
662 1618 795 1683 quod
817 1630 1111 1685 assumptam
1127 1637 1233 1668 eam
1251 1621 1298 1667 in
1320 1621 1632 1687 ampullulam
1650 1623 1874 1670 recondi-

447 1693 538 1755 dit,
574 1712 721 1759 quam
759 1713 883 1761 aqua
917 1697 1193 1763 complevit.
1228 1701 1333 1746 Non
1370 1709 1479 1764 post
1522 1699 1727 1747 multum
1760 1717 1875 1747 vero

445 1781 652 1837 tempus,
680 1774 809 1822 venit
833 1774 893 1821 ad
920 1791 1030 1821 eum
1054 1774 1220 1837 homo,
1248 1776 1382 1840 cujus
1408 1793 1462 1823 os
1485 1793 1514 1824 a
1535 1777 1726 1842 pustula
1751 1778 1875 1825 mala

445 1850 775 1912 tumefactum,
797 1861 1035 1916 caputque
1052 1862 1099 1899 et
1118 1853 1242 1900 oculi
1262 1853 1412 1901 inflati
1430 1854 1494 1902 ob
1513 1854 1715 1901 nimium
1736 1872 1873 1902 vene-

447 1944 564 1974 num
594 1928 1027 1993 praecludebantur.
1060 1931 1147 1977 Cui
1183 1931 1259 1978 ille
1290 1931 1446 1979 infusa
1483 1932 1530 1978 in
1568 1949 1623 1979 os
1656 1949 1779 1996 aqua
1813 1933 1874 1980 de

446 2005 655 2069 ampulla
680 2023 782 2053 uvae
807 2007 964 2054 omnis
998 2016 1160 2055 tumor
1191 2025 1246 2055 ac
1275 2008 1417 2056 dolor
1445 2019 1577 2072 gutta
1613 2009 1873 2056 decedente

445 2080 672 2129 discessit.
718 2084 966 2131 Asserebat
1010 2086 1151 2133 etiam
1189 2102 1335 2149 grana
1381 2103 1483 2132 uvae
1521 2086 1646 2133 illius
1685 2087 1731 2132 in
1770 2088 1873 2152 ipsa

445 2174 569 2221 aqua
592 2170 700 2223 post
722 2171 928 2224 quatuor
946 2178 1098 2209 annos
1122 2162 1281 2210 adhuc
1305 2162 1472 2209 viridia
1496 2163 1773 2227 perdurare.
1804 2167 1872 2211 De

445 2251 553 2283 cera
576 2253 689 2283 vero
714 2254 858 2300 quam
885 2239 945 2287 de
968 2241 1188 2305 sepulcro
1212 2241 1406 2299 tulerat,
1434 2241 1622 2304 adjecit.
1649 2242 1803 2289 Surda
1826 2251 1872 2290 et

446 2322 593 2370 muta,
630 2330 750 2377 quae,
789 2326 839 2363 ut
873 2318 1038 2375 credo,
1066 2317 1356 2365 daemonium
1396 2318 1621 2379 habebat,
1660 2319 1719 2366 ad
1760 2336 1869 2366 eum

445 2392 657 2449 accessit,
686 2393 733 2438 in
770 2394 904 2457 cujus
929 2412 1042 2442 aure
1077 2395 1137 2442 de
1164 2396 1263 2459 ipsa
1290 2411 1399 2443 cera
1422 2397 1579 2460 posuit
1604 2416 1616 2455 3
1644 2397 1733 2444 alia
1756 2414 1870 2444 vero

445 2466 523 2514 die
547 2470 763 2530 veniens,
790 2471 961 2533 gratias
985 2487 1074 2535 pro
1098 2481 1291 2536 accepta
1315 2473 1509 2520 sanitate
1533 2473 1694 2520 retulit
1712 2489 1868 2521 sacer-

445 2543 562 2593 doti.
