2028 3458
467 284 515 319 18
696 283 761 320 DE
787 281 1078 319 VIRTUTIBUS
1107 279 1276 317 SANCTI
1305 276 1530 315 MARTINI.
1548 298 1601 304 —-
1619 277 1651 314 1.

465 372 623 438 primo
645 372 790 418 aetatis
812 386 907 417 suae
931 384 1078 428 anno,
1100 365 1328 413 Caesario¹
1347 374 1394 412 et
1413 363 1563 411 Attico
1584 363 1876 429 consulibus,

466 459 607 497 nocte
630 448 787 496 media
809 446 985 512 quievit
1008 445 1056 491 in
1087 460 1223 509 pace.
1250 441 1526 489 Gloriosum
1549 458 1687 507 ergo,
1714 451 1761 490 et
1794 443 1881 490 toti

466 526 651 574 mundo
687 524 974 574 laudabilem
1011 523 1112 586 ejus
1153 521 1405 568 transitum
1439 520 1488 567 in
1522 519 1602 568 die
1637 520 1881 568 dominica

465 606 605 653 fuisse
638 604 1070 652 manifestissimum
1105 610 1200 662 est,
1228 600 1376 664 idque
1410 599 1459 646 in
1491 600 1710 664 sequenti
1740 600 1880 647 certis

463 683 743 731 testimoniis
775 679 1217 747 comprobabimus.
1254 677 1401 736 Quod
1430 695 1529 725 non
1554 679 1688 744 parvi
1725 679 1879 725 meriti

461 761 599 808 fuisse
622 770 866 821 censetur,
892 767 943 805 ut
965 758 1044 805 illa
1067 757 1145 803 die
1168 773 1280 803 eum
1304 755 1539 802 Dominus
1570 755 1621 802 in
1651 754 1875 821 paradiso

462 839 745 902 susciperet,
779 836 876 901 q'ua
908 835 1037 883 idem
1070 832 1295 882 dominus
1330 842 1377 880 et
1413 832 1691 898 redemptor
1725 834 1879 881 victor

460 914 520 963 ab
541 915 702 962 inferis
736 914 1038 974 surrexisset3
1065 921 1139 970 et,
1168 921 1220 959 ut
1251 911 1334 976 qui
1368 910 1612 958 dominica
1646 911 1877 959 solemnia

459 1009 647 1058 semper
672 992 994 1040 celebraverat
1017 989 1286 1056 impollute,
1307 999 1417 1055 post
1439 989 1614 1037 mundi
1635 1006 1880 1056 pressuras

458 1069 700 1118 dominica
722 1070 799 1118 die
822 1070 1058 1117 locaretur
1082 1068 1133 1115 in
1156 1068 1339 1133 requie.

1036 1211 1193 1246 CAPUT
1224 1212 1290 1248 1v.

561 1302 719 1346 Qualiter
734 1309 855 1337 sancto
869 1300 1036 1337 severino
1053 1300 1221 1348 episcopo
1239 1300 1464 1347 psallentium
1479 1299 1525 1335 de
1545 1301 1621 1348 ejus
1634 1298 1783 1335 transitu

1032 1361 1227 1396 revelatum
1242 1369 1306 1395 est.

524 1451 693 1495 Beatus
714 1455 875 1493 autem
894 1446 1148 1494 Severinus
1170 1445 1470 1493 Coloniensis
1493 1447 1507 1471 ²
1532 1446 1733 1494 civitatis
1755 1446 1881 1511 epis-

458 1542 625 1590 copus,
645 1525 717 1571 vir
735 1523 946 1571 honestae
961 1524 1087 1583 vitae,
1107 1533 1156 1571 et
1170 1540 1258 1589 per
1273 1534 1445 1572 cuncta
1466 1523 1736 1584 laudabilis,
1762 1524 1879 1571 dum

460 1603 537 1651 die
559 1603 801 1650 dominica
821 1603 928 1650 loca
950 1612 1114 1651 sancta
1136 1620 1193 1650 ex
1215 1602 1563 1651 consuetudine
1587 1613 1697 1668 post
1720 1613 1877 1651 matu-

460 1682 583 1739 tinos
608 1681 816 1746 hymnos
833 1684 847 1706 ³
870 1699 982 1729 cum
1003 1682 1100 1730 suis
1129 1681 1313 1729 clericis
1334 1682 1627 1745 circumiret,
1656 1683 1736 1730 illa
1756 1682 1878 1730 hora

456 1776 552 1824 qua
585 1758 753 1807 beatus
777 1759 921 1817 obiit,
953 1759 1137 1808 audivit
1167 1758 1373 1807 chorum
1405 1761 1682 1808 canentium
1714 1761 1764 1807 in
1800 1777 1880 1807 su-

457 1835 609 1883 blimi.
662 1840 993 1901 Vocatumque
1036 1830 1431 1886 archidiaconum
1477 1838 1788 1902 interrogavit
1840 1839 1879 1886 si

457 1932 593 1964 aures
609 1916 709 1979 ejus
729 1926 1035 1981 percuterent
1047 1934 1191 1965 voces
1210 1933 1328 1982 quas
1345 1917 1422 1964 ille
1444 1926 1652 1964 attentus
1671 1917 1874 1964 audiret.

461 1992 755 2057 Respondit:
798 2014 820 2037 ι(
850 1997 1181 2058 Nequaquam.
1225 2015 1248 2038 2>
1285 1997 1418 2042 Tunc
1452 1994 1567 2042 ille:
1612 2013 1637 2038 «
1666 1993 1878 2057 Diligen-

459 2068 576 2129 tius,
610 2069 789 2133 inquit,
825 2071 1099 2119 ausculta.»
1140 2069 1518 2120 Archidiaconus
1547 2082 1708 2119 autem
1736 2072 1880 2137 coepit

457 2163 647 2194 sursum
666 2147 843 2195 collum
861 2149 1133 2210 extendere,
1157 2167 1294 2198 aures
1309 2151 1508 2215 erigere,
1526 2160 1574 2198 et
1593 2166 1736 2215 super
1754 2166 1879 2196 sum-

458 2240 564 2271 mos
585 2225 835 2287 articulos,
862 2225 1036 2274 baculo
1060 2237 1378 2290 sustentante,
1414 2238 1556 2276 stare.
1596 2228 1691 2275 Sed
1730 2227 1877 2275 credo

457 2318 567 2348 eum
591 2319 691 2349 non
716 2302 857 2350 fuisse
875 2304 1067 2368 aequalis
1090 2305 1265 2368 meriti,
1292 2323 1321 2355 a
1343 2323 1443 2371 quo
1466 2306 1567 2354 haec
1593 2323 1694 2353 non
1721 2323 1875 2353 mere-

510 2450 567 2504 (¹)
586 2454 680 2504 Sup.
704 2455 780 2491 243
801 2462 839 2493 et
856 2455 982 2493 Cl.-F.
1005 2458 1187 2495 Caesareo.
1210 2479 1265 2486 —
1282 2456 1401 2510 (2)1n
1423 2458 1509 2497 cod.
1532 2457 1648 2497 Corb.
1670 2457 1746 2496 hoc
1760 2466 1877 2510 caput

457 2525 495 2555 et
513 2529 677 2568 sequens
698 2517 770 2556 sub
787 2518 861 2557 hoc
880 2520 938 2559 tit.
963 2529 1094 2561 extant
1113 2536 1121 2559 ς
1146 2525 1177 2558 V
1181 2524 1357 2560 ersicolas
1375 2525 1423 2561 de
1444 2529 1605 2562 transitu
1617 2527 1659 2563 S.
1681 2525 1742 2564 M.
1766 2531 1804 2562 et
1823 2522 1875 2561 ibi

456 2582 661 2622 Severinus
678 2583 817 2622 dicitur
831 2588 1049 2625 colosensis.
1068 2586 1152 2640 (R.)
1173 2610 1222 2617 —
1237 2588 1360 2628 Cl.-F.
1383 2592 1609 2629 colonensis.

508 2645 565 2700 (3)
583 2649 630 2685 In
656 2647 770 2686 codd.
798 2648 919 2688 Laud.
940 2679 950 2698 ,
976 2650 1072 2689 Bell.
1086 2680 1097 2698 ,
1126 2652 1215 2691 Gat.
1233 2682 1243 2701 ,
1273 2656 1387 2692 Mart.
1404 2682 1414 2701 ‚
1445 2653 1554 2693 Colb.
1578 2668 1615 2704 a,
1637 2654 1775 2693 desunt
1792 2654 1873 2692 haec

455 2711 574 2751 verba
590 2722 677 2762 post
694 2719 895 2753 matutinos
918 2715 1082 2763 hymnos.
1108 2715 1191 2769 (R.)
1210 2740 1264 2747 —
1282 2718 1388 2758 Idem
1415 2719 1454 2758 in
1481 2719 1754 2759 vetustioribus
1778 2732 1869 2758 mss.

457 2782 560 2820 2204
579 2789 616 2820 et
634 2782 765 2822 Cl.-F.
