2028 3458
429 301 507 338 200
647 301 714 337 DE
742 301 1035 339 VIRTUTIBUS
1063 302 1233 340 SANCTI
1261 303 1484 341 MARTINI.
1505 324 1559 332 --
1577 305 1648 342 111.

429 387 571 436 nebat
594 388 783 434 invitus.
808 390 921 434 Post
944 387 1045 434 haec
1075 388 1243 436 videns
1275 406 1325 437 se
1359 407 1458 437 non
1493 391 1656 450 laxari,
1693 391 1844 438 inciso

428 464 488 511 ab
513 475 715 529 utraque
737 475 871 530 parte
896 465 1034 524 suste,
1060 466 1122 512 ad
1145 468 1295 514 sancti
1316 468 1559 516 basilicam
1584 470 1730 528 venit,
1753 470 1845 517 fac-

427 551 569 606 taque
603 543 836 603 oratione,
877 553 924 589 et
959 543 1126 606 vigiliis
1162 544 1426 607 celebratis,
1463 547 1627 594 laxatis
1661 546 1840 609 digitis,

425 635 596 666 manus
619 620 720 683 ejus
750 619 813 667 ad
837 636 959 685 opus
983 620 1234 685 pristinum
1260 623 1474 670 restituta
1497 634 1581 671 est.
1609 624 1705 670 Alio
1730 641 1843 671 vero

427 713 574 756 anno,
602 698 650 743 in
673 697 765 745 hae
788 697 865 744 die
894 707 1072 757 sancta,
1098 714 1295 762 operam
1321 710 1519 765 propter
1541 717 1684 765 quam
1713 702 1845 766 prius

424 774 682 838 increpitus
700 792 727 822 a
746 777 845 821 Deo
870 775 1038 836 fuerat,
1067 776 1401 840 apprehendit,
1424 794 1709 842 rursumque
1728 779 1771 825 ei
1789 778 1846 824 li-

425 869 573 915 gnum
608 853 655 898 in
683 869 829 900 manu
863 853 963 917 ejus
997 853 1208 901 adhaesit.
1237 853 1318 901 llle
1346 865 1505 902 autem
1535 873 1644 903 cum
1678 855 1847 903 dolore

424 930 618 995 plorans
654 931 715 978 ad
737 930 982 978 basilicam
1016 932 1169 979 sancti
1199 933 1486 981 confessoris
1513 934 1730 999 repetiit,
1762 934 1846 981 sed

426 1024 524 1054 non
545 1009 764 1072 protinus
789 1010 962 1056 meruit
988 1009 1219 1057 exaudiri.
1248 1013 1361 1057 Post
1382 1010 1506 1058 duos
1530 1028 1647 1058 vero
1670 1027 1843 1071 annos,

425 1085 486 1133 ad
507 1087 726 1134 eamdem
758 1087 1058 1135 festivitatem
1082 1104 1179 1153 qua
1207 1089 1416 1154 puellam
1446 1100 1661 1138 sanatam
1684 1088 1846 1139 retuli·

423 1179 551 1223 mus,
577 1173 623 1211 et
646 1164 732 1211 iste
755 1164 982 1212 liberatus
1002 1175 1072 1213 est
1088 1165 1150 1213 ab
1172 1183 1317 1214 onere
1341 1166 1474 1230 ligni.

1013 1304 1169 1338 CAPUT
1194 1305 1260 1342 lv.

934 1386 985 1420 De
1001 1395 1182 1421 contracto
1199 1396 1332 1422 sanato.

492 1480 557 1524 Ex
601 1480 903 1527 Lemovicino
943 1491 1102 1528 autem
1134 1482 1408 1537 adveniens,
1427 1493 1730 1541 contractus,
1766 1484 1850 1547 qui

427 1571 516 1602 nec
539 1572 752 1618 gressum
774 1556 927 1604 facere
952 1568 1156 1623 poterat,
1179 1576 1267 1606 nec
1300 1559 1465 1607 lumen
1487 1561 1741 1607 oculorum
1763 1560 1849 1607 ha-

428 1630 590 1693 bebat,
627 1632 907 1698 deportatus
932 1635 1155 1683 manibus
1175 1637 1463 1684 devotorum
1495 1648 1606 1685 ante
1631 1647 1848 1684 sanctum

427 1710 698 1773 sepulcrum
732 1711 1022 1776 deponitur3
1062 1712 1440 1778 deprecatusque
1473 1715 1849 1762 misericordiam

426 1785 552 1834 beati
589 1788 826 1851 antistitis,
869 1789 1059 1838 directis
1094 1792 1320 1840 membris
1359 1793 1616 1855 debilibus,
1661 1794 1850 1841 sanitati

427 1864 649 1914 donatur.

1026 1977 1176 2013 CAPUT
1201 1979 1248 2011 V.

951 2059 1002 2092 De
1024 2071 1117 2093 caeco
1143 2059 1354 2093 illuminato.

495 2150 702 2207 Quidam
728 2167 894 2211 caecus,
921 2154 1174 2217 qui-longo
1205 2165 1419 2220 tempore
1442 2156 1620 2202 lumine
1637 2167 1852 2204 caruerat

430 2228 700 2289 oculorum,
715 2228 776 2275 ad
798 2230 1018 2285 eamdem
1042 2231 1340 2280 festivitatem
1357 2234 1502 2280 veuit.
1523 2237 1576 2280 Et
1602 2234 1720 2280 sacta
1744 2251 1851 2281 ora·

432 2305 587 2365 tione,
629 2304 747 2351 dum
776 2316 884 2353 ante
918 2319 1137 2355 sanctum
1172 2310 1446 2375 sepulcrum
1482 2322 1649 2372 staret,
1691 2312 1851 2359 subito

429 2382 602 2445 apertis
624 2383 790 2442 oculis,
821 2396 1014 2451 recepto
1042 2386 1223 2434 lumine
1243 2388 1552 2451 jucundatur.

1014 2524 1170 2558 CAPUT
1200 2526 1262 2558 VI.

968 2608 1019 2642 De
1037 2607 1143 2643 debili
1172 2619 1305 2644 sanam.

496 2702 615 2748 Puer
646 2711 807 2750 autem
842 2704 1001 2752 incola
1030 2706 1231 2754 civitatis
1265 2708 1536 2766 Turonicae,
1574 2707 1692 2755 dum
1725 2708 1852 2754 vale-

428 2777 593 2827 tudine
613 2780 762 2830 nimia
774 2797 829 2829 ac
854 2781 1079 2831 diuturna
1103 2786 1419 2846 consumitur,
1443 2785 1676 2833 omnibus
1699 2801 1852 2833 mem-
