2028 3458
362 327 412 367 80
578 327 646 367 DE
673 326 967 367 VIRTUTIBUS
995 326 1167 365 SANCTI
1197 294 1423 366 Manml.
1448 347 1497 355 —
1520 327 1552 364 1.

363 434 439 466 me
461 434 680 484 corpore,
702 416 838 464 illum
857 424 1019 463 mente
1039 414 1317 476 reddiderit,
1339 425 1387 463 et
1408 432 1532 463 unus
1551 430 1777 462 occursus

362 511 416 543 ex
448 495 542 557 fide
573 496 714 543 etiam
741 493 875 541 alteri
898 492 1102 553 amenti,
1133 492 1218 558 qui
1243 509 1334 540 nec
1359 502 1520 559 petere
1552 501 1773 551 noverat,

362 572 560 620 salutem
596 571 898 637 praestitisset.
939 569 1033 618 Sed
1066 586 1157 618 nec
1194 569 1292 618 hoc
1327 570 1604 634 praeteribo,
1646 567 1779 632 quod

364 661 469 716 post
503 650 602 697 dies
630 648 943 714 quadraginta
965 647 1139 695 eodem
1171 646 1249 695 die
1278 648 1436 713 primo
1462 648 1629 694 vinum
1653 646 1782 693 dele·

363 738 513 777 ctatus
541 744 648 776 sum
679 726 866 788 bibere,
899 741 1013 773 cum
1035 723 1180 785 illud,
1210 725 1412 774 faciente
1433 724 1775 784 incommod0‚

365 822 512 873 usque
529 811 861 855 tunc'exosum
881 801 1152 851 habuerim.

881 953 1040 991 CAPUT
1064 952 1240 991 XXXIV.

539 1045 649 1093 Quod
663 1047 774 1084 virtus
788 1047 819 1096 ej
825 1059 865 1082 us
879 1046 924 1082 ab
942 1058 1027 1095 agro
1042 1054 1165 1082 nostro
1183 1051 1424 1094 tempestatem
1437 1043 1637 1094 prohibuit.

429 1142 523 1188 Nos
546 1156 659 1187 vero
684 1147 974 1186 revertentes
996 1148 1090 1186 tres
1107 1137 1321 1186 cereolos
1341 1154 1430 1203 pro
1447 1136 1783 1184 benedictione

363 1216 491 1264 beati
513 1217 716 1282 sepulcri
734 1217 1031 1282 portavimus
1058 1233 1069 1262 ε
1092 1214 1153 1262 de
1184 1231 1279 1278 qua
1302 1231 1410 1262 cera
1450 1230 1597 1279 quam
1623 1212 1783 1260 multae

365 1295 561 1342 virtutes
583 1295 715 1342 factae
743 1304 856 1342 sunt
891 1310 1034 1360 super
1059 1293 1325 1357 frigoriticis
1346 1302 1393 1340 et
1416 1292 1520 1340 aliis
1549 1290 1751 1338 infirmis
1766 1325 1780 1350 ,

366 1374 563 1438 longum
597 1382 665 1420 est
698 1388 937 1420 enarrare.
964 1370 1059 1418 Sed
1085 1362 1239 1417 unum
1259 1387 1284 1418 e
1308 1370 1468 1417 multis
1499 1368 1783 1416 miraculum

368 1451 621 1516 proferam.
691 1455 868 1516 Agrum
929 1449 1191 1516 quemdam
1250 1449 1565 1515 possessionis
1614 1456 1787 1494 nostrae

367 1529 549 1592 grando
586 1530 722 1578 annis
759 1527 955 1593 singulis
996 1538 1181 1576 vastare
1214 1537 1557 1588 consueverat,
1600 1536 1648 1573 et
1691 1534 1787 1571 tam

368 1608 570 1669 graviter
592 1607 835 1669 saeviebat,
866 1616 918 1654 ut
940 1605 1059 1653 nihil
1082 1604 1260 1653 ibidem
1283 1621 1396 1652 cum
1418 1604 1626 1652 venisset
1646 1603 1790 1650 relin-

367 1694 551 1748 queret.
578 1688 709 1732 Tunc
733 1702 821 1748 ego
854 1685 904 1731 in
927 1683 1078 1732 vineis
1103 1682 1193 1729 illis
1214 1681 1438 1730 arborem
1470 1697 1620 1729 unam
1635 1717 1647 1741 ,
1685 1697 1789 1745 quae

369 1772 470 1810 erat
506 1763 736 1810 excelsior
765 1763 969 1823 caeteris,
1008 1761 1211 1826 eligenS‚
1241 1760 1302 1807 de
1324 1769 1488 1808 sancta
1517 1776 1625 1807 cera
1647 1775 1790 1825 super

369 1855 475 1887 eam
494 1842 651 1906 posui.
687 1844 799 1888 Post
819 1840 950 1888 illam
976 1849 1136 1887 autem
1166 1838 1295 1886 diem
1329 1854 1480 1901 usque
1512 1838 1561 1884 in
1584 1853 1791 1903 praesens

370 1927 556 1983 tempus
586 1934 835 1981 nunquam
870 1917 1051 1965 ibidem
1080 1926 1337 1982 tempestas
1369 1915 1563 1976 cecidit,
1593 1915 1677 1964 sed
1710 1932 1790 1964 ve·

371 1996 533 2056 niens,
558 1995 720 2044 locum
742 1995 876 2044 illum
901 2004 1131 2059 tanquam
1152 1994 1327 2042 timens
1351 1994 1593 2060 praeteriit.

837 2130 863 2157 ⁸
911 2112 1074 2179 ‘CAPUT
1098 2142 1255 2181 xxxv,

719 2238 773 2273 De
789 2237 884 2285 ligno
900 2237 993 2273 beati
1009 2236 1154 2272 cancelli
1166 2236 1213 2273 ad
1228 2249 1294 2273 nos
1311 2235 1443 2274 delato.

441 2330 552 2379 Fide
575 2339 913 2378 commonente
931 2366 943 2388 ,
978 2329 1177 2394 quidam
1205 2346 1264 2377 ex
1295 2330 1470 2378 nostris
1498 2329 1683 2394 lignum
1707 2346 1790 2376 ve-

376 2407 586 2456 nerabile
602 2407 662 2455 de
676 2408 888 2456 cancello
905 2407 1102 2467 lectuli¹,
1124 2406 1257 2470 quod
1271 2416 1341 2454 est
1363 2406 1424 2454 ad
1447 2408 1789 2454 monasterium

376 2487 526 2535 sancti
570 2485 738 2534 domni
756 2523 769 2546 ‚
807 2502 884 2533 me
925 2487 1163 2533 nesciente
1180 2521 1193 2543 ‚
1244 2485 1502 2544 detulerat,
1552 2485 1688 2550 quod
1743 2485 1791 2533 in

433 2638 488 2686 (1)
507 2637 610 2676 Voce
627 2638 755 2674 lectuli
774 2634 837 2674 hic
856 2635 1045 2674 tumulum
1063 2634 1252 2687 designari
1271 2634 1451 2674 observat
1469 2634 1670 2675 Mahillom
1693 2635 1760 2675 lib.
1780 2638 1797 2675 1

376 2702 527 2755 Liturg.
546 2701 648 2743 Gall.
669 2714 707 2741 c.
728 2715 818 2749 vm,
838 2714 878 2740 n.
902 2703 968 2741 11.
1003 2703 1290 2753 Nonnunquam
1317 2701 1436 2740 altare
1455 2701 1658 2753 significat,
1680 2700 1794 2748 ibid„

377 2781 486 2809 num.
510 2770 547 2808 3.
565 2767 713 2817 (Ruin.)
729 2789 780 2797 —
794 2766 1093 2819 Explanationes
1109 2767 1200 2806 istas
1218 2767 1392 2807 refellere
1410 2766 1564 2806 videtur
1583 2767 1792 2820 Gregorius

379 2835 462 2889 ipse
485 2843 638 2884 noster,
662 2833 730 2874 lib.
760 2835 833 2881 111,
851 2845 889 2873 c.
913 2847 1012 2872 xxu.
