2028 3458
466 310 544 349 2120
675 310 742 347 DE
769 310 1061 347 VIRTUTIBUS
1091 310 1262 349 SANCTI
1289 311 1512 352 MARTINI.
1532 333 1585 340 --
1608 314 1660 350 11.

468 397 655 445 trahere
671 398 830 462 coepit.
852 400 905 442 At
930 397 1008 444 illa
1028 398 1294 446 vociferans
1309 409 1356 445 et
1378 399 1623 464 plangens,
1641 416 1751 446 cum
1765 399 1873 446 nul-

466 475 565 520 lum
583 475 809 538 aspiceret
827 473 1072 533 auxilium,
1098 475 1290 522 viriliter
1312 485 1471 524 tamen
1496 477 1708 523 resistere
1728 492 1875 523 cona-

466 551 621 597 batur.
655 553 763 596 Post
786 550 985 598 decursa
1006 567 1120 597 vero
1143 551 1349 598 duarum
1372 563 1454 600 aut
1474 554 1618 600 trium
1642 553 1874 600 horarum

465 628 630 692 spatia,
653 643 869 690 regressae
892 628 1112 674 mulieres
1137 628 1342 693 reliquae,
1368 630 1654 677 invenerunt
1677 646 1783 676 earn
1806 646 1876 677 se-

466 705 689 752 mivivam
720 705 870 752 humo
894 706 1150 769 jacentem,
1189 706 1306 754 nihil
1337 709 1524 772 penitus
1557 708 1690 773 loqui
1715 725 1869 773 posse.

465 781 699 828 Innuebat
728 781 928 846 quidem·
951 782 1029 829 illa
1062 799 1206 829 manu
1231 800 1241 829 ε
1270 784 1354 831 sed
1385 783 1503 831 nihil
1524 785 1591 831 eis
1611 785 1876 849 intelligen-

462 857 605 919 tibus,
627 857 729 905 haec
752 868 882 906 muta
900 859 1176 924 permansit.
1198 859 1377 907 Umbra
1395 876 1526 920 vero,
1550 878 1654 925 quae
1674 862 1717 908 ei
1734 877 1877 926 appa-

463 946 639 997 ruerat,
662 937 711 982 in
737 946 924 983 tantum
943 936 1222 984 hominibus
1247 938 1382 985 domi
1404 938 1528 985 illius
1549 939 1767 986 insidiata
1784 949 1871 999 est,

462 1023 514 1060 ut
533 1014 1041 1078 relinquenteslocum,
1059 1015 1155 1064 alio
1167 1003 1729 1080 commigrarent.Postea
1739 1033 1871 1074 vero,

461 1089 672 1137 duorum
695 1100 778 1137 aut
799 1091 943 1137 trium
963 1092 1199 1139 mensium
1222 1092 1391 1140 diebus
1413 1093 1642 1155 decursis,
1672 1093 1734 1140 ad
1752 1093 1877 1141 basi-

460 1168 600 1216 licam
624 1169 782 1233 puella
804 1170 1015 1229 veniens,
1041 1169 1287 1233 eloquium
1320 1172 1494 1218 meruit
1516 1172 1741 1237 recipere.
1765 1172 1864 1218 Sic-

462 1263 555 1310 que
577 1257 748 1294 cuncta
767 1264 871 1311 quae
889 1247 1144 1312 pertulerat
1166 1264 1250 1295 ore
1272 1249 1471 1313 proprio
1490 1251 1742 1297 enarravit.

966 1407 1122 1444 CAPUT
1152 1409 1363 1444 XXXVIII.

910 1501 963 1534 De
985 1500 1138 1535 diacono
1161 1501 1418 1537 catalaunensi.

528 1602 709 1646 Interea
739 1599 1122 1647 Catalaunensisi
1149 1600 1397 1661 diaconus,
1440 1610 1491 1647 ut
1528 1617 1632 1647 mos
1654 1600 1718 1646 illi
1749 1602 1876 1663 genti

461 1685 547 1737 est,
570 1676 671 1724 aliis
689 1676 988 1724 matutinales
1004 1678 1174 1742 gratias
1190 1677 1556 1738 celebrantibuS‚
1574 1694 1684 1724 cum
1707 1687 1875 1743 potum

461 1753 696 1813 hauriret,
735 1753 988 1801 oculorum
1022 1755 1278 1802 amissione
1313 1755 1575 1816 multatur3
1616 1771 1874 1818 recognos-

462 1847 669 1896 censque
693 1841 877 1878 reatum
911 1849 1069 1893 suurn,
1096 1842 1144 1879 et
1175 1849 1225 1879 se
1259 1849 1358 1879 non
1395 1831 1590 1896 dignam
1624 1832 1872 1898 proposito

461 1924 548 1955 suo
586 1904 690 1955 rem
721 1909 934 1972 gessisse,
958 1909 1268 1974 suspenditur
1298 1925 1326 1956 a
1351 1908 1461 1956 cibo
1502 1918 1731 1974 potuque,
1761 1925 1870 1974 per-

462 1996 662 2034 noctans
695 1987 744 2033 in
773 1986 961 2050 vigiliis,
995 1986 1388 2051 orationibusque
1418 1987 1653 2034 insistens.
1690 1989 1873 2033 Interea

462 2062 579 2108 dum
609 2062 709 2109 haec
741 2071 914 2126 ageret,
942 2062 1085 2120 fama,
1111 2080 1217 2127 quae
1242 2073 1398 2110 totum
1430 2062 1521 2109 late
1552 2061 1873 2127 compleverat

462 2139 647 2195 orbem,
672 2139 732 2185 ad
745 2140 845 2203 ejus
856 2156 991 2187 aures
1011 2156 1160 2203 usque
1180 2140 1412 2204 pervenit,
1430 2155 1531 2186 esse
1551 2138 1726 2186 scilicet
1742 2138 1871 2203 apud

459 2217 663 2264 Turonis
703 2218 954 2263 Martinum
998 2217 1283 2277 antistitem,
1324 2216 1386 2264 ad
1423 2216 1558 2280 cujus
1597 2215 1871 2280 sepulcrum

463 2310 585 2358 saepe
613 2292 778 2340 talium
807 2292 1135 2340 infirmitatum
1170 2292 1328 2340 clades
1362 2292 1560 2358 depulsa
1589 2293 1865 2356 quiesceret.

465 2372 560 2416 Nec
582 2378 795 2416 moratur
815 2368 1068 2427 diaconus,
1095 2368 1179 2415 sed
1210 2368 1336 2415 illico
1360 2369 1448 2416 iter
1470 2368 1650 2415 institui
1667 2367 1865 2431 jubens,

463 2446 525 2494 ad
547 2445 789 2493 basilicam
809 2455 1019 2493 sanctam
1045 2462 1143 2492 non
1167 2444 1341 2492 dubius
1361 2445 1421 2492 de
1439 2445 1612 2492 virtute
1634 2444 1761 2492 beati
1781 2444 1870 2491 viri

452 2523 693 2588 pervenit,
726 2522 886 2587 ibique
921 2532 1186 2588 prostratus
1215 2523 1346 2583 solu,
1380 2522 1586 2570 orationi
1618 2521 1863 2579 subnixus,

464 2600 542 2648 die
567 2601 701 2647 tertia
721 2601 895 2665 apertis
916 2599 1066 2648 oculis
1084 2599 1244 2647 lumen
1268 2600 1463 2666 recepit.
1496 2602 1596 2663 Ego
1618 2615 1734 2646 vero
1750 2598 1867 2645 dum

517 2795 572 2844 (1)
593 2794 717 2845 Igitur
731 2792 1046 2839 catallaunensis,
1066 2803 1151 2842 sup.
1174 2792 1264 2829 2123.
