2028 3458
477 269 553 306 342
847 265 911 300 DE
941 262 1126 299 GLORIA
1154 260 1521 298 CONFESSORUM.

988 403 1144 437 CAPUT
1170 403 1376 437 PRIMUM.

924 501 976 534 De
992 499 1181 534 virtutibus
1197 499 1406 545 angelorum
1421 499 1447 531 ¹.

544 599 688 662 Igitur
711 596 828 643 dum
854 596 903 642 in
935 597 1146 642 Arverno
1178 594 1419 641 territorio
1448 609 1795 653 commorarer,
1823 594 1895 640 vir

479 675 595 724 mihi
628 674 781 721 fidelis
812 672 995 733 retulit,
1030 681 1077 719 et
1100 672 1200 719 scio
1234 672 1347 736 quia
1375 687 1486 718 vera
1517 672 1747 730 narravit,
1782 672 1894 735 quia

479 753 724 801 evidenter
755 750 960 814 cognovi
990 758 1118 813 gesta
1152 748 1295 795 fuisse
1327 765 1432 813 quae
1462 748 1596 795 dixit.
1629 747 1786 809 Jubet,
1823 749 1889 795 in-

478 832 597 896 quit,
616 829 717 876 fieri
740 845 797 875 ex
818 827 1023 875 annonis
1041 842 1166 889 aqua
1189 825 1352 873 infusis
1369 835 1511 889 atque
1525 825 1750 883 decoctis,
1771 842 1896 872 mes-

481 907 667 956 soribus
691 904 920 972 poculum
956 903 1226 969 praeparari.
1269 906 1403 950 Hanc
1438 912 1597 949 autem
1628 902 1896 949 coctionem

481 986 678 1033 Orosius
701 1000 728 1030 a
759 981 1017 1046 coquendo
1050 981 1226 1027 ceriam
1248 982 1262 1004 ²
1290 980 1450 1027 vocari
1491 979 1700 1026 narravit
1723 998 1732 1024 :
1762 979 1894 1042 quod

481 1080 591 1110 cum
612 1070 928 1127 praeparatum
949 1059 1125 1116 fuisset,
1149 1058 1259 1104 etin
1282 1075 1388 1105 vase
1409 1057 1730 1115 reconditum,
1753 1067 1896 1121 atque

482 1142 558 1189 ille
581 1139 710 1205 apud
736 1138 904 1185 urbem
932 1152 1090 1183 moras
1120 1137 1408 1193 innecteret,
1438 1146 1489 1182 ut
1515 1151 1621 1182 mos
1651 1152 1898 1182 servorum

482 1229 569 1279 est,
596 1217 802 1264 maxima
824 1224 957 1279 parte
989 1213 1239 1272 exhausta,
1272 1213 1488 1276 exiguam
1521 1212 1775 1259 dominicis
1806 1213 1899 1259 usi·

483 1295 574 1342 bus
595 1294 903 1357 reliquerunt.
926 1290 1006 1337 Ille
1028 1306 1223 1354 quoque
1246 1288 1367 1336 fidus
1391 1289 1451 1336 de
1466 1290 1678 1352 jussione
1702 1290 1901 1336 invitare

487 1387 716 1418 messores
735 1368 887 1432 jubet,
915 1377 966 1414 ut
1001 1384 1059 1414 eo
1091 1367 1151 1413 ab
1177 1366 1294 1416 urhe
1326 1366 1553 1413 redeunte
1575 1366 1665 1412 hos
1694 1377 1899 1429 segetem

486 1448 706 1496 decidere
729 1445 974 1510 reperiret.
1004 1447 1113 1501 Quo
1142 1443 1265 1490 facto
1294 1444 1392 1507 jam
1417 1444 1643 1507 operariis
1669 1444 1718 1489 in
1747 1453 1902 1506 segete

487 1524 729 1572 collocatis
752 1522 938 1569 circiter
959 1522 1272 1586 septuaginta,
1292 1521 1484 1567 advenit
1503 1520 1728 1566 dominus
1748 1519 1899 1580 fundi,

486 1610 882 1667 perscrutansque
901 1597 1175 1662 qualitatem
1196 1598 1599 1661 quantitatemque
1619 1608 1777 1662 potus,
1799 1614 1904 1662 per-

487 1694 657 1743 parum
680 1677 870 1741 reperit.
896 1679 1027 1722 Tunc
1050 1675 1237 1740 pudore
1262 1675 1514 1735 confusus,
1544 1684 1590 1721 et
1614 1674 1703 1721 sibi
1729 1674 1904 1721 factum

489 1756 550 1804 ad
580 1753 921 1802 verecundiam
950 1763 1190 1818 reputanS,
1219 1769 1279 1799 ne
1310 1762 1453 1817 potus
1483 1752 1706 1800 deficeret
1734 1769 1903 1818 opera-

489 1833 586 1890 riis,
610 1831 758 1897 quod,
781 1841 830 1877 ut
855 1832 953 1896 ipse
973 1829 1311 1890 arbitrabatur,
1332 1846 1475 1895 super
1492 1832 1705 1894 quinque
1723 1830 1907 1876 modio-

490 1927 597 1956 rum
622 1926 894 1956 mensuram
919 1925 1017 1954 non
1053 1917 1167 1965 erat,
1202 1907 1319 1971 quid
1348 1917 1521 1971 ageret,
1549 1925 1646 1971 quo
1679 1924 1728 1954 se
1752 1917 1908 1953 verte-

492 1998 611 2035 teret
628 2024 640 2047 ‚
684 1987 732 2033 in
774 1986 997 2050 ambiguo
1033 1984 1352 2051 dependebat.
1397 1984 1608 2031 Tandem
1648 1984 1907 2048 inspirante

492 2064 720 2124 Domino,
747 2080 1006 2110 conversus
1032 2062 1093 2109 ad
1115 2061 1377 2117 vasculum,
1407 2062 1606 2108 nomina
1629 2061 1905 2124 angelorum

494 2151 785 2200 sanctorum,
812 2158 916 2206 quae
938 2157 1078 2188 sacrae
1097 2141 1272 2187 docent
1292 2140 1536 2200 lectiones,
1562 2157 1703 2205 super
1724 2139 1906 2186 aditum

495 2219 595 2282 ejus
617 2219 787 2266 devote
818 2218 1025 2277 invocat,
1052 2233 1195 2264 orans
1229 2226 1283 2262 ut
1315 2216 1464 2262 virtus
1498 2233 1666 2263 eorum
1700 2217 1907 2281 parvita-

495 2306 591 2343 tem
614 2295 739 2343 hanc
768 2296 815 2342 in
848 2294 1190 2342 abundantiam
1218 2303 1494 2340 convertere
1524 2294 1820 2358 dignaretur,
1849 2311 1908 2341 ne

548 2454 603 2501 (l)
628 2453 690 2492 De
716 2454 895 2489 miraculo
924 2454 1026 2502 quod
1045 2466 1119 2502 per
1143 2453 1406 2489 invoa-acinam
1431 2456 1647 2504 angelorum
1671 2454 1813 2502 factum
1838 2462 1906 2498 est,

494 2516 591 2553 2791
613 2530 623 2562 ;
648 2514 686 2552 in
702 2527 780 2565 quo
802 2515 975 2566 plerique
993 2514 1160 2565 capitum
1182 2514 1279 2552 tituli
1306 2516 1500 2567 propriam
1528 2515 1691 2554 formam
1712 2523 1750 2553 et
1771 2515 1909 2554 insoli-

496 2586 570 2615 tam
591 2577 747 2616 habent.

546 2644 599 2691 (2)
621 2643 683 2690 Sic
704 2643 827 2685 Laud.
849 2643 982 2682 Caeteri
1002 2657 1092 2683 mss.
1108 2658 1195 2682 cum
1213 2644 1324 2693 Bad.‚
1343 2647 1498 2683 caelt'am.
1521 2645 1596 2683 Alii
1612 2644 1719 2691 editi,
1737 2648 1906 2682 coceium.

492 2705 602 2743 Ceria
627 2714 756 2744 autem
775 2719 894 2757 genus
917 2714 972 2743 est
991 2715 1102 2757 potus
1127 2720 1173 2745 ex
1196 2707 1368 2759 frugibus
1389 2708 1604 2745 confectum
1618 2738 1627 2756 ,
1649 2720 1726 2759 quo
1747 2706 1905 2757 Hispani

496 2774 668 2815 utuntur,
688 2776 730 2806 ut
745 2781 795 2806 ex
813 2767 937 2807 Plinio
952 2767 1132 2807 observat
1152 2769 1398 2808 Passeratius.
1424 2769 1485 2822 (R.
1494 2779 1507 2818 )
