2028 3458
457 244 532 281 432
830 244 896 281 DE
926 243 1113 281 GLORIA
1141 245 1519 284 CONFESSORUM.

457 331 583 378 tinus
605 340 942 378 concurrentes
959 332 1126 396 populi
1142 332 1205 380 ad
1227 333 1469 381 basilicam
1491 334 1659 393 sancti,
1687 334 1878 382 indictis

449 409 669 472 jejuniis,
720 409 899 472 vigilias
937 409 1180 457 celebrant
1198 447 1211 471 ,
1260 410 1562 459 devotissime
1610 412 1877 459 orationem

455 486 722 546 fundentes,
745 496 792 534 et
815 504 925 534 mox
946 486 1008 535 ab
1036 488 1307 535 imminenti
1327 488 1592 537 calamitate
1615 489 1872 537 salvantur.

460 565 610 611 Vitam
629 575 788 612 tamen
812 565 970 629 hujus,
997 576 1254 631 postquam
1276 565 1376 613 haec
1399 567 1691 632 scripsimus,
1720 584 1748 615 a
1772 570 1879 614 For-

454 652 619 691 tunato
643 643 922 708 presbytero
945 645 1289 710 conscriptam¹
1313 646 1644 709 cognovimus.

952 810 1108 847 CAPUT
1133 811 1267 846 XLVI.

783 910 836 944 De
850 910 1012 945 Romano
1031 910 1187 958 ejusdem
1204 910 1304 946 urbis
1322 911 1543 960 presbytero.

518 1028 730 1077 Habetur
754 1030 804 1077 in
827 1030 922 1079 hoc
951 1033 1192 1080 territorio
1215 1042 1262 1080 et
1283 1041 1476 1080 sanctus
1501 1034 1745 1079 Romanus
1770 1047 1878 1095 pre-

451 1106 628 1172 sbyter,
651 1124 818 1173 quem,
849 1119 900 1156 ut
922 1110 1096 1174 scripta
1116 1110 1233 1158 Vitae
1268 1110 1369 1174 ejus
1392 1109 1623 1169 edocent,
1649 1109 1878 1155 Martinus

451 1196 613 1233 noster
647 1188 899 1252 sepulturae
931 1188 1124 1235 locavit.
1152 1191 1248 1235 -Est
1278 1197 1438 1235 autem
1473 1186 1746 1252 sepulcrum
1779 1185 1879 1248 ejus

450 1265 730 1328 contiguum
758 1265 989 1312 Blaviensi
1020 1265 1214 1313 castello
1246 1282 1399 1331 super
1437 1265 1568 1312 littus
1598 1263 1753 1310 amnis
1784 1263 1879 1309 Ga-

450 1358 632 1403 ronnae,
658 1343 706 1389 in
729 1359 827 1406 quo
849 1343 1015 1408 saepius
1042 1343 1291 1406 naufragio
1315 1343 1551 1407 perituros
1579 1341 1762 1387 virtutis
1786 1356 1879 1387 suae

450 1418 598 1467 salvat
631 1437 831 1467 occursu
852 1456 865 1479 ,
906 1420 1257 1485 proclamantes
1297 1420 1420 1466 inter
1457 1419 1629 1466 fluctus
1656 1418 1879 1465 torrentis

452 1497 626 1544 undosi
653 1515 663 1543 :
698 1518 720 1541 <c
751 1499 970 1544 Miserere
997 1499 1172 1556 nostri,
1210 1506 1372 1544 sancte
1395 1499 1607 1543 Romane
1634 1495 1881 1541 confessor

449 1574 554 1620 Dei.
585 1592 608 1618 »
635 1573 728 1621 Sed
751 1591 865 1621 mox
889 1574 1053 1622 sedata
1087 1572 1394 1638 tempestate,
1422 1581 1588 1637 optato
1614 1571 1772 1618 littore
1797 1587 1881 1635 po-

450 1651 649 1698 tiuntur.
673 1654 768 1699 Nec
789 1651 857 1699 sas
884 1661 953 1699 est
971 1661 1132 1700 tamen
1150 1651 1303 1699 ullum
1330 1650 1483 1716 perire
1504 1649 1772 1713 naufragio,
1796 1649 1878 1713 qui

450 1729 549 1791 ejus
571 1728 817 1776 basilicam
844 1730 998 1777 amnis
1021 1729 1081 1777 de
1105 1729 1266 1777 medio
1291 1727 1608 1792 contemplari
1632 1727 1875 1774 meruerit.

450 1807 593 1864 Quod
639 1817 686 1854 et
716 1824 806 1855 nos
838 1808 976 1855 valde
1009 1809 1058 1855 in
1095 1807 1263 1872 grandi
1297 1807 1572 1854 necessitate
1596 1806 1775 1870 experti
1805 1822 1879 1851 su·

449 1880 573 1932 mus.
610 1888 729 1933 Nam
773 1902 883 1933 cum
928 1886 1085 1933 imber
1119 1885 1436 1933 creberrimus
1467 1900 1554 1949 per
1583 1884 1760 1931 multos
1791 1883 1876 1929 de-

450 1963 603 2010 fluens
626 1963 744 2025 dies,
772 1952 965 2010 amnem
988 1966 1267 2011 Garonnam
1291 1972 1422 2010 extra
1453 1961 1612 2008 littora
1647 1961 1874 2024 ejecisset,

449 2050 591 2104 atque
629 2040 903 2105 impellente
934 2051 1079 2088 vento
1117 2040 1284 2088 validis
1329 2037 1552 2086 fluctibus
1590 2037 1874 2102 exundare-t,

450 2117 844 2183 elevarenturque
868 2120 1103 2166 fluctuum
1129 2129 1319 2166 montes
1342 2117 1505 2178 validi,
1529 2117 1612 2179 qui
1638 2133 1737 2163 non
1762 2133 1877 2181 par-

449 2210 565 2239 vum
599 2194 896 2242 intuentibus
926 2193 1197 2259 ingererent
1228 2203 1425 2253 metum,
1464 2200 1685 2239 exoratus
1710 2191 1876 2238 beatus

449 2271 692 2319 confessor
730 2270 955 2334 obtinuit,
992 2273 1112 2321 sicut
1150 2271 1408 2332 credimus,
1443 2270 1629 2318 virtutis
1660 2287 1756 2317 suae
1785 2269 1878 2316 suf-

450 2348 614 2412 fragio,
663 2359 715 2396 ut
757 2351 1038 2415 compressis
1071 2348 1355 2414 fragoribuS,
1407 2347 1605 2413 planum
1648 2346 1878 2413 praeberet

450 2427 659 2475 fluminis
699 2428 886 2475 alveum
915 2438 1001 2476 :et
1042 2428 1108 2475 sic
1151 2428 1347 2491 ingressi
1379 2444 1570 2488 navem,
1617 2427 1678 2475 ad
1723 2427 1875 2491 ripam

450 2505 648 2553 alteram
673 2506 775 2554 sine
797 2506 1011 2571 periculo
1037 2522 1202 2553 sumus
1225 2505 1425 2552 devecti.

503 2700 558 2746 (1)
588 2691 695 2735 Hanc
714 2695 956 2748 deperditam
976 2709 1060 2735 esse
1080 2695 1173 2734 dicit
1191 2696 1414 2735 Ruinartius
1432 2709 1480 2734 ex
1497 2699 1688 2734 Browero.
