<?xml version="1.0" encoding="UTF-8"?>
<!DOCTYPE html PUBLIC "-//W3C//DTD XHTML 1.0 Transitional//EN"
    "http://www.w3.org/TR/xhtml1/DTD/xhtml1-transitional.dtd">
<html xmlns="http://www.w3.org/1999/xhtml" xml:lang="en" lang="en">
 <head>
  <title>
</title>
<meta http-equiv="Content-Type" content="text/html;charset=utf-8" />
  <meta name='ocr-system' content='tesseract 3.04.00' />
  <meta name='ocr-capabilities' content='ocr_page ocr_carea ocr_par ocr_line ocrx_word'/>
</head>
<body>
  <div class='ocr_page' id='page_1' title='image "./leslivresdesmira02greguoft_0350.png"; bbox 0 0 2028 3458; ppageno 0'>
   <div class='ocr_carea' id='block_1_1' title="bbox 473 202 1674 242">
    <p class='ocr_par' dir='ltr' id='par_1_1' title="bbox 473 202 1674 242">
     <span class='ocr_line' id='line_1_1' title="bbox 473 202 1674 242; baseline -0.002 -1"><span class='ocrx_word' id='word_1_1' title='bbox 473 205 548 242; x_wconf 73' lang='lat'>334</span> <span class='ocrx_word' id='word_1_2' title='bbox 702 204 768 240; x_wconf 85' lang='lat' dir='ltr'>DE</span> <span class='ocrx_word' id='word_1_3' title='bbox 799 203 1084 241; x_wconf 80' lang='lat' dir='ltr'>VIRTUTIBUS</span> <span class='ocrx_word' id='word_1_4' title='bbox 1113 203 1283 240; x_wconf 75' lang='lat' dir='ltr'>SANC&#39;rl</span> <span class='ocrx_word' id='word_1_5' title='bbox 1311 202 1674 241; x_wconf 79' lang='lat' dir='ltr'>MART1N1.—lv.</span> 
     </span>
    </p>
   </div>
   <div class='ocr_carea' id='block_1_2' title="bbox 1019 380 1345 418">
    <p class='ocr_par' dir='ltr' id='par_1_2' title="bbox 1019 380 1345 418">
     <span class='ocr_line' id='line_1_2' title="bbox 1019 380 1345 418; baseline 0.006 -3"><span class='ocrx_word' id='word_1_6' title='bbox 1019 380 1174 415; x_wconf 85' lang='lat' dir='ltr'>CAPUT</span> <span class='ocrx_word' id='word_1_7' title='bbox 1196 381 1345 418; x_wconf 86' lang='lat' dir='ltr'><strong>XLVII.</strong></span> 
     </span>
    </p>
   </div>
   <div class='ocr_carea' id='block_1_3' title="bbox 875 472 1486 521">
    <p class='ocr_par' dir='ltr' id='par_1_3' title="bbox 875 472 1486 521">
     <span class='ocr_line' id='line_1_3' title="bbox 875 472 1486 521; baseline 0.005 -14"><span class='ocrx_word' id='word_1_8' title='bbox 875 474 928 508; x_wconf 90' lang='lat' dir='ltr'>De</span> <span class='ocrx_word' id='word_1_9' title='bbox 943 472 1109 508; x_wconf 85' lang='lat' dir='ltr'>incendio</span> <span class='ocrx_word' id='word_1_10' title='bbox 1127 486 1195 521; x_wconf 87' lang='lat' dir='ltr'>ope</span> <span class='ocrx_word' id='word_1_11' title='bbox 1210 475 1285 521; x_wconf 79' lang='lat' dir='ltr'>ejus</span> <span class='ocrx_word' id='word_1_12' title='bbox 1302 474 1486 510; x_wconf 71' lang='lat' dir='ltr'>exstincto.</span> 
     </span>
    </p>
   </div>
   <div class='ocr_carea' id='block_1_4' title="bbox 474 559 1900 1477">
    <p class='ocr_par' dir='ltr' id='par_1_4' title="bbox 474 559 1900 1477">
     <span class='ocr_line' id='line_1_4' title="bbox 543 559 1900 624; baseline -0.002 -17"><span class='ocrx_word' id='word_1_13' title='bbox 543 560 759 607; x_wconf 83' lang='lat' dir='ltr'>Praesenti</span> <span class='ocrx_word' id='word_1_14' title='bbox 790 575 985 623; x_wconf 90' lang='lat' dir='ltr'>quoque</span> <span class='ocrx_word' id='word_1_15' title='bbox 1018 568 1266 623; x_wconf 87' lang='lat' dir='ltr'>tempore,</span> <span class='ocrx_word' id='word_1_16' title='bbox 1306 559 1435 624; x_wconf 88' lang='lat' dir='ltr'>apud</span> <span class='ocrx_word' id='word_1_17' title='bbox 1473 559 1900 623; x_wconf 84' lang='lat' dir='ltr'>Burdegalensem¹</span> 
     </span>
     <span class='ocr_line' id='line_1_5' title="bbox 474 635 1892 701; baseline -0.001 -17"><span class='ocrx_word' id='word_1_18' title='bbox 474 637 643 684; x_wconf 90' lang='lat' dir='ltr'>urbem</span> <span class='ocrx_word' id='word_1_19' title='bbox 677 637 849 684; x_wconf 92' lang='lat' dir='ltr'>domus</span> <span class='ocrx_word' id='word_1_20' title='bbox 872 652 966 684; x_wconf 89' lang='lat' dir='ltr'>una</span> <span class='ocrx_word' id='word_1_21' title='bbox 989 635 1179 699; x_wconf 87' lang='lat' dir='ltr'>ignibus</span> <span class='ocrx_word' id='word_1_22' title='bbox 1202 636 1548 701; x_wconf 89' lang='lat' dir='ltr'>comprehensa</span> <span class='ocrx_word' id='word_1_23' title='bbox 1582 636 1892 684; x_wconf 87' lang='lat' dir='ltr'>vehementer</span> 
     </span>
     <span class='ocr_line' id='line_1_6' title="bbox 474 713 1891 780; baseline -0.001 -18"><span class='ocrx_word' id='word_1_24' title='bbox 474 714 618 780; x_wconf 86' lang='lat' dir='ltr'>coepit</span> <span class='ocrx_word' id='word_1_25' title='bbox 640 714 788 761; x_wconf 83' lang='lat' dir='ltr'>exuri.</span> <span class='ocrx_word' id='word_1_26' title='bbox 826 715 1042 777; x_wconf 85' lang='lat' dir='ltr'>Cumque</span> <span class='ocrx_word' id='word_1_27' title='bbox 1070 713 1273 760; x_wconf 87' lang='lat' dir='ltr'>flammis</span> <span class='ocrx_word' id='word_1_28' title='bbox 1300 713 1412 760; x_wconf 90' lang='lat' dir='ltr'>hinc</span> <span class='ocrx_word' id='word_1_29' title='bbox 1437 723 1481 760; x_wconf 90' lang='lat' dir='ltr'>et</span> <span class='ocrx_word' id='word_1_30' title='bbox 1504 713 1615 760; x_wconf 90' lang='lat' dir='ltr'>inde</span> <span class='ocrx_word' id='word_1_31' title='bbox 1645 714 1891 779; x_wconf 87' lang='lat' dir='ltr'>spatianti-</span> 
     </span>
     <span class='ocr_line' id='line_1_7' title="bbox 474 790 1894 855; baseline -0.001 -16"><span class='ocrx_word' id='word_1_32' title='bbox 474 791 564 839; x_wconf 92' lang='lat' dir='ltr'>bus</span> <span class='ocrx_word' id='word_1_33' title='bbox 583 792 682 839; x_wconf 84' lang='lat' dir='ltr'>aliae</span> <span class='ocrx_word' id='word_1_34' title='bbox 706 791 881 839; x_wconf 90' lang='lat' dir='ltr'>domus</span> <span class='ocrx_word' id='word_1_35' title='bbox 905 790 1018 838; x_wconf 92' lang='lat' dir='ltr'>huic</span> <span class='ocrx_word' id='word_1_36' title='bbox 1038 791 1300 839; x_wconf 86' lang='lat' dir='ltr'>discrimini</span> <span class='ocrx_word' id='word_1_37' title='bbox 1319 791 1636 855; x_wconf 76' lang='lat' dir='ltr'>subjacerent,</span> <span class='ocrx_word' id='word_1_38' title='bbox 1665 808 1754 838; x_wconf 88' lang='lat' dir='ltr'>nec</span> <span class='ocrx_word' id='word_1_39' title='bbox 1773 801 1894 838; x_wconf 91' lang='lat' dir='ltr'>esset</span> 
     </span>
     <span class='ocr_line' id='line_1_8' title="bbox 474 869 1890 935; baseline -0.001 -18"><span class='ocrx_word' id='word_1_40' title='bbox 474 870 677 918; x_wconf 91' lang='lat' dir='ltr'>dubium</span> <span class='ocrx_word' id='word_1_41' title='bbox 707 869 900 917; x_wconf 89' lang='lat' dir='ltr'>easdem</span> <span class='ocrx_word' id='word_1_42' title='bbox 934 869 1076 933; x_wconf 89' lang='lat' dir='ltr'>hujus</span> <span class='ocrx_word' id='word_1_43' title='bbox 1117 869 1293 917; x_wconf 85' lang='lat' dir='ltr'>fomitis</span> <span class='ocrx_word' id='word_1_44' title='bbox 1328 870 1484 917; x_wconf 90' lang='lat' dir='ltr'>calore</span> <span class='ocrx_word' id='word_1_45' title='bbox 1519 869 1739 935; x_wconf 91' lang='lat' dir='ltr'>depasci,</span> <span class='ocrx_word' id='word_1_46' title='bbox 1775 886 1890 916; x_wconf 90' lang='lat' dir='ltr'>con-</span> 
     </span>
     <span class='ocr_line' id='line_1_9' title="bbox 474 947 1893 1013; baseline -0.001 -18"><span class='ocrx_word' id='word_1_47' title='bbox 474 958 692 1012; x_wconf 87' lang='lat' dir='ltr'>gregatus</span> <span class='ocrx_word' id='word_1_48' title='bbox 738 948 786 994; x_wconf 92' lang='lat' dir='ltr'>in</span> <span class='ocrx_word' id='word_1_49' title='bbox 835 947 1034 995; x_wconf 85' lang='lat' dir='ltr'>circuitu</span> <span class='ocrx_word' id='word_1_50' title='bbox 1074 947 1280 1013; x_wconf 91' lang='lat' dir='ltr'>populus</span> <span class='ocrx_word' id='word_1_51' title='bbox 1322 965 1501 995; x_wconf 84' lang='lat' dir='ltr'>nomen</span> <span class='ocrx_word' id='word_1_52' title='bbox 1547 948 1673 995; x_wconf 85' lang='lat' dir='ltr'>beati</span> <span class='ocrx_word' id='word_1_53' title='bbox 1707 948 1893 995; x_wconf 87' lang='lat' dir='ltr'>Martini</span> 
     </span>
     <span class='ocr_line' id='line_1_10' title="bbox 475 1025 1894 1092; baseline -0.001 -19"><span class='ocrx_word' id='word_1_54' title='bbox 475 1027 617 1092; x_wconf 89' lang='lat' dir='ltr'>coepit</span> <span class='ocrx_word' id='word_1_55' title='bbox 650 1026 873 1074; x_wconf 88' lang='lat' dir='ltr'>attentius</span> <span class='ocrx_word' id='word_1_56' title='bbox 904 1026 1154 1088; x_wconf 88' lang='lat' dir='ltr'>invocare,</span> <span class='ocrx_word' id='word_1_57' title='bbox 1194 1036 1239 1074; x_wconf 88' lang='lat' dir='ltr'>et</span> <span class='ocrx_word' id='word_1_58' title='bbox 1263 1043 1323 1074; x_wconf 91' lang='lat' dir='ltr'>ne</span> <span class='ocrx_word' id='word_1_59' title='bbox 1345 1027 1523 1074; x_wconf 89' lang='lat' dir='ltr'>vicinas</span> <span class='ocrx_word' id='word_1_60' title='bbox 1545 1025 1718 1073; x_wconf 90' lang='lat' dir='ltr'>domos</span> <span class='ocrx_word' id='word_1_61' title='bbox 1745 1026 1894 1072; x_wconf 88' lang='lat' dir='ltr'>virtus</span> 
     </span>
     <span class='ocr_line' id='line_1_11' title="bbox 476 1104 1894 1170; baseline -0.002 -18"><span class='ocrx_word' id='word_1_62' title='bbox 476 1105 578 1169; x_wconf 93' lang='lat' dir='ltr'>ejus</span> <span class='ocrx_word' id='word_1_63' title='bbox 592 1106 723 1152; x_wconf 89' lang='lat' dir='ltr'>exuri</span> <span class='ocrx_word' id='word_1_64' title='bbox 742 1105 1047 1170; x_wconf 88' lang='lat' dir='ltr'>permitteret,</span> <span class='ocrx_word' id='word_1_65' title='bbox 1069 1122 1180 1152; x_wconf 90' lang='lat' dir='ltr'>cum</span> <span class='ocrx_word' id='word_1_66' title='bbox 1194 1104 1413 1169; x_wconf 86' lang='lat' dir='ltr'>lacrymis</span> <span class='ocrx_word' id='word_1_67' title='bbox 1431 1105 1675 1170; x_wconf 89' lang='lat' dir='ltr'>deprecari</span> <span class='ocrx_word' id='word_1_68' title='bbox 1696 1122 1705 1150; x_wconf 75' lang='grc' dir='ltr'><strong><em>ε</em></strong></span> <span class='ocrx_word' id='word_1_69' title='bbox 1732 1104 1894 1168; x_wconf 91' lang='lat' dir='ltr'>sicque</span> 
     </span>
     <span class='ocr_line' id='line_1_12' title="bbox 477 1181 1895 1246; baseline -0.002 -17"><span class='ocrx_word' id='word_1_70' title='bbox 477 1181 539 1229; x_wconf 89' lang='lat' dir='ltr'>ad</span> <span class='ocrx_word' id='word_1_71' title='bbox 563 1181 795 1229; x_wconf 86' lang='lat' dir='ltr'><strong>elevatam</strong></span> <span class='ocrx_word' id='word_1_72' title='bbox 820 1198 985 1228; x_wconf 90' lang='lat' dir='ltr'>vocem</span> <span class='ocrx_word' id='word_1_73' title='bbox 1003 1181 1282 1229; x_wconf 79' lang='lat' dir='ltr'>deflentium</span> <span class='ocrx_word' id='word_1_74' title='bbox 1305 1183 1448 1246; x_wconf 84' lang='lat' dir='ltr'>coepit</span> <span class='ocrx_word' id='word_1_75' title='bbox 1467 1182 1673 1246; x_wconf 80' lang='lat' dir='ltr'>crepitus</span> <span class='ocrx_word' id='word_1_76' title='bbox 1693 1181 1895 1227; x_wconf 86' lang='lat' dir='ltr'>flammae</span> 
     </span>
     <span class='ocr_line' id='line_1_13' title="bbox 479 1257 1896 1323; baseline -0.002 -17"><span class='ocrx_word' id='word_1_77' title='bbox 479 1258 715 1306; x_wconf 85' lang='lat' dir='ltr'>decidere.</span> <span class='ocrx_word' id='word_1_78' title='bbox 750 1261 902 1323; x_wconf 87' lang='lat' dir='ltr'>Atque</span> <span class='ocrx_word' id='word_1_79' title='bbox 924 1258 1014 1305; x_wconf 90' lang='lat' dir='ltr'>illis</span> <span class='ocrx_word' id='word_1_80' title='bbox 1033 1257 1349 1306; x_wconf 87' lang='lat' dir='ltr'>clamantibus</span> <span class='ocrx_word' id='word_1_81' title='bbox 1375 1258 1436 1306; x_wconf 86' lang='lat' dir='ltr'>ad</span> <span class='ocrx_word' id='word_1_82' title='bbox 1460 1259 1631 1306; x_wconf 82' lang='lat' dir='ltr'>coelum</span> <span class='ocrx_word' id='word_1_83' title='bbox 1652 1295 1663 1317; x_wconf 88' lang='lat'>‚</span> <span class='ocrx_word' id='word_1_84' title='bbox 1702 1257 1896 1304; x_wconf 84' lang='lat' dir='ltr'>advenit</span> 
     </span>
     <span class='ocr_line' id='line_1_14' title="bbox 478 1334 1896 1400; baseline -0.002 -18"><span class='ocrx_word' id='word_1_85' title='bbox 478 1335 654 1397; x_wconf 86' lang='lat' dir='ltr'>subito,</span> <span class='ocrx_word' id='word_1_86' title='bbox 681 1336 888 1383; x_wconf 88' lang='lat' dir='ltr'>antistite</span> <span class='ocrx_word' id='word_1_87' title='bbox 911 1336 1227 1400; x_wconf 86' lang='lat' dir='ltr'>impartiente,</span> <span class='ocrx_word' id='word_1_88' title='bbox 1248 1336 1522 1400; x_wconf 88' lang='lat' dir='ltr'>praesidium</span> <span class='ocrx_word' id='word_1_89' title='bbox 1538 1355 1550 1394; x_wconf 82' lang='lat'><em>3</em></span> <span class='ocrx_word' id='word_1_90' title='bbox 1581 1334 1896 1397; x_wconf 86' lang='lat' dir='ltr'>collisumque</span> 
     </span>
     <span class='ocr_line' id='line_1_15' title="bbox 478 1410 1897 1477; baseline -0.002 -18"><span class='ocrx_word' id='word_1_91' title='bbox 478 1412 680 1477; x_wconf 89' lang='lat' dir='ltr'>supplici</span> <span class='ocrx_word' id='word_1_92' title='bbox 716 1413 933 1460; x_wconf 87' lang='lat' dir='ltr'>oratione</span> <span class='ocrx_word' id='word_1_93' title='bbox 964 1413 1272 1474; x_wconf 86' lang='lat' dir='ltr'>incendium,</span> <span class='ocrx_word' id='word_1_94' title='bbox 1309 1413 1525 1459; x_wconf 83' lang='lat' dir='ltr'>restinxit</span> <span class='ocrx_word' id='word_1_95' title='bbox 1554 1410 1690 1476; x_wconf 88' lang='lat' dir='ltr'>plebs</span> <span class='ocrx_word' id='word_1_96' title='bbox 1726 1428 1809 1476; x_wconf 86' lang='lat' dir='ltr'>per</span> <span class='ocrx_word' id='word_1_97' title='bbox 1834 1411 1897 1457; x_wconf 86' lang='lat' dir='ltr'>la-</span> 
     </span>
    </p>
   </div>
   <div class='ocr_carea' id='block_1_5' title="bbox 404 1489 1897 1556">
    <p class='ocr_par' dir='ltr' id='par_1_5' title="bbox 404 1489 1897 1556">
     <span class='ocr_line' id='line_1_16' title="bbox 404 1489 1897 1556; baseline -0.001 -19"><span class='ocrx_word' id='word_1_98' title='bbox 404 1510 410 1517; x_wconf 89' lang='lat'><strong>·</strong></span> <span class='ocrx_word' id='word_1_99' title='bbox 480 1507 665 1554; x_wconf 88' lang='lat' dir='ltr'>crymas</span> <span class='ocrx_word' id='word_1_100' title='bbox 685 1490 813 1555; x_wconf 89' lang='lat' dir='ltr'>quod</span> <span class='ocrx_word' id='word_1_101' title='bbox 840 1492 1117 1554; x_wconf 89' lang='lat' dir='ltr'>nequiverat</span> <span class='ocrx_word' id='word_1_102' title='bbox 1141 1506 1364 1555; x_wconf 90' lang='lat' dir='ltr'>superare</span> <span class='ocrx_word' id='word_1_103' title='bbox 1389 1507 1473 1556; x_wconf 90' lang='lat' dir='ltr'>per</span> <span class='ocrx_word' id='word_1_104' title='bbox 1497 1489 1666 1537; x_wconf 90' lang='lat' dir='ltr'>undas.</span> <span class='ocrx_word' id='word_1_105' title='bbox 1691 1491 1758 1534; x_wconf 90' lang='lat' dir='ltr'>Eo</span> <span class='ocrx_word' id='word_1_106' title='bbox 1781 1499 1897 1536; x_wconf 88' lang='lat' dir='ltr'>tem·</span> 
     </span>
    </p>
   </div>
   <div class='ocr_carea' id='block_1_6' title="bbox 481 1564 1899 1632">
    <p class='ocr_par' dir='ltr' id='par_1_6' title="bbox 481 1564 1899 1632">
     <span class='ocr_line' id='line_1_17' title="bbox 481 1564 1899 1632; baseline -0.001 -18"><span class='ocrx_word' id='word_1_107' title='bbox 481 1584 598 1632; x_wconf 90' lang='lat' dir='ltr'>pore</span> <span class='ocrx_word' id='word_1_108' title='bbox 629 1584 750 1632; x_wconf 90' lang='lat' dir='ltr'>puer</span> <span class='ocrx_word' id='word_1_109' title='bbox 781 1577 942 1614; x_wconf 89' lang='lat' dir='ltr'>noster</span> <span class='ocrx_word' id='word_1_110' title='bbox 967 1567 1327 1614; x_wconf 83' lang='lat' dir='ltr'>Laudovaldus’</span> <span class='ocrx_word' id='word_1_111' title='bbox 1361 1584 1473 1614; x_wconf 90' lang='lat' dir='ltr'>cum</span> <span class='ocrx_word' id='word_1_112' title='bbox 1505 1567 1706 1631; x_wconf 82' lang='lat' dir='ltr'>graviter</span> <span class='ocrx_word' id='word_1_113' title='bbox 1729 1582 1755 1612; x_wconf 89' lang='lat' dir='ltr'>a</span> <span class='ocrx_word' id='word_1_114' title='bbox 1789 1564 1899 1629; x_wconf 73' lang='lat' dir='ltr'>dys-</span> 
     </span>
    </p>
   </div>
   <div class='ocr_carea' id='block_1_7' title="bbox 479 1648 1896 1793">
    <p class='ocr_par' dir='ltr' id='par_1_7' title="bbox 479 1648 1896 1793">
     <span class='ocr_line' id='line_1_18' title="bbox 481 1648 1896 1716; baseline -0.002 -19"><span class='ocrx_word' id='word_1_115' title='bbox 481 1651 662 1698; x_wconf 90' lang='lat' dir='ltr'>enteria</span> <span class='ocrx_word' id='word_1_116' title='bbox 689 1651 988 1715; x_wconf 85' lang='lat' dir='ltr'>fatigaretur,</span> <span class='ocrx_word' id='word_1_117' title='bbox 1030 1661 1081 1697; x_wconf 92' lang='lat' dir='ltr'>ut</span> <span class='ocrx_word' id='word_1_118' title='bbox 1118 1649 1179 1698; x_wconf 90' lang='lat' dir='ltr'>de</span> <span class='ocrx_word' id='word_1_119' title='bbox 1218 1651 1412 1716; x_wconf 87' lang='lat' dir='ltr'>pulvere</span> <span class='ocrx_word' id='word_1_120' title='bbox 1441 1648 1647 1715; x_wconf 87' lang='lat' dir='ltr'>sepulcri</span> <span class='ocrx_word' id='word_1_121' title='bbox 1688 1650 1896 1713; x_wconf 87' lang='lat' dir='ltr'>accepit,</span> 
     </span>
     <span class='ocr_line' id='line_1_19' title="bbox 479 1727 1084 1793; baseline -0.002 -18"><span class='ocrx_word' id='word_1_122' title='bbox 479 1727 698 1793; x_wconf 88' lang='lat' dir='ltr'>protinus</span> <span class='ocrx_word' id='word_1_123' title='bbox 720 1727 894 1775; x_wconf 91' lang='lat' dir='ltr'>morbo</span> <span class='ocrx_word' id='word_1_124' title='bbox 916 1728 1084 1776; x_wconf 88' lang='lat' dir='ltr'>caruit.</span> 
     </span>
    </p>
   </div>
   <div class='ocr_carea' id='block_1_8' title="bbox 485 1923 1897 2089">
    <p class='ocr_par' dir='ltr' id='par_1_8' title="bbox 485 1923 1897 2089">
     <span class='ocr_line' id='line_1_20' title="bbox 538 1923 1067 1972; baseline -0.004 -12"><span class='ocrx_word' id='word_1_125' title='bbox 538 1924 591 1970; x_wconf 80' lang='lat'>(1)</span> <span class='ocrx_word' id='word_1_126' title='bbox 607 1923 926 1972; x_wconf 77' lang='lat' dir='ltr'>Burdigalensim‚</span> <span class='ocrx_word' id='word_1_127' title='bbox 949 1923 1067 1959; x_wconf 73' lang='lat'><strong>2204.</strong></span> 
     </span>
     <span class='ocr_line' id='line_1_21' title="bbox 534 1980 1897 2036; baseline -0.001 -15"><span class='ocrx_word' id='word_1_128' title='bbox 534 1984 591 2036; x_wconf 76' lang='lat'>(2)</span> <span class='ocrx_word' id='word_1_129' title='bbox 609 1983 737 2033; x_wconf 62' lang='lat' dir='ltr'>Colb„</span> <span class='ocrx_word' id='word_1_130' title='bbox 751 1984 871 2033; x_wconf 88' lang='lat' dir='ltr'>Clar.,</span> <span class='ocrx_word' id='word_1_131' title='bbox 893 1986 1006 2022; x_wconf 86' lang='lat' dir='ltr'>Rom.</span> <span class='ocrx_word' id='word_1_132' title='bbox 1030 1992 1067 2022; x_wconf 89' lang='lat' dir='ltr'>et</span> <span class='ocrx_word' id='word_1_133' title='bbox 1086 1983 1200 2032; x_wconf 61' lang='lat' dir='ltr'>Bell„</span> <span class='ocrx_word' id='word_1_134' title='bbox 1215 1985 1476 2022; x_wconf 74' lang='lat' dir='ltr'>Luunooaldus</span> <span class='ocrx_word' id='word_1_135' title='bbox 1489 1985 1584 2031; x_wconf 58' lang='lat' dir='ltr'><strong>(R).</strong></span> <span class='ocrx_word' id='word_1_136' title='bbox 1603 2003 1659 2013; x_wconf 82' lang='lat'><strong>—</strong></span> <span class='ocrx_word' id='word_1_137' title='bbox 1675 1980 1781 2022; x_wconf 87' lang='lat' dir='ltr'>Idem</span> <span class='ocrx_word' id='word_1_138' title='bbox 1795 1984 1897 2020; x_wconf 74' lang='lat'><strong>2204</strong></span> 
     </span>
     <span class='ocr_line' id='line_1_22' title="bbox 485 2047 622 2089; baseline 0.007 -1"><span class='ocrx_word' id='word_1_139' title='bbox 485 2052 522 2088; x_wconf 84' lang='lat' dir='ltr'>et</span> <span class='ocrx_word' id='word_1_140' title='bbox 539 2047 622 2089; x_wconf 87' lang='lat' dir='ltr'>alii.</span> 
     </span>
    </p>
   </div>
   <div class='ocr_carea' id='block_1_9' title="bbox 870 2268 1501 2307">
    <p class='ocr_par' dir='ltr' id='par_1_9' title="bbox 870 2268 1501 2307">
     <span class='ocr_line' id='line_1_23' title="bbox 870 2268 1501 2307; baseline 0 -8"><span class='ocrx_word' id='word_1_141' title='bbox 870 2269 1077 2300; x_wconf 78' lang='lat' dir='ltr'>EXPLICIT</span> <span class='ocrx_word' id='word_1_142' title='bbox 1110 2268 1239 2299; x_wconf 70' lang='lat' dir='ltr'><strong>LIBER</strong></span> <span class='ocrx_word' id='word_1_143' title='bbox 1274 2269 1336 2307; x_wconf 90' lang='lat' dir='ltr'>QU</span> <span class='ocrx_word' id='word_1_144' title='bbox 1344 2269 1367 2298; x_wconf 84' lang='grc' dir='ltr'>Α</span> <span class='ocrx_word' id='word_1_145' title='bbox 1374 2269 1485 2299; x_wconf 79' lang='lat' dir='ltr'>RTUs</span> <span class='ocrx_word' id='word_1_146' title='bbox 1492 2289 1501 2298; x_wconf 85' lang='lat'><em>.</em></span> 
     </span>
    </p>
   </div>
  </div>
 </body>
</html>
