2028 3458
415 260 492 298 392
775 261 842 297 DE
870 259 1060 298 GLORIA
1089 260 1460 300 CONFESSORUM.

411 351 588 410 humo,
618 359 664 397 et
694 349 852 396 incisis
883 349 1064 397 scamni
1090 349 1319 417 pedibus,
1353 352 1512 416 posuit
1548 352 1706 416 ipsum
1736 350 1825 399 sub

410 438 556 484 terra,
587 427 878 491 replevitque
903 426 1075 473 fossam
1103 427 1271 474 humo.
1304 428 1475 475 Mirum
1499 428 1654 477 dictu!
1683 429 1826 478 adve-

411 505 568 551 niente
584 519 729 550 verno
745 513 980 568 tempore,
1000 505 1121 551 sicut
1134 504 1327 568 reliquae
1339 504 1532 553 arbores
1547 506 1822 569 florescunt,

408 582 472 627 ita
503 590 551 627 et
583 580 684 626 haec
711 579 963 639 columna,
997 597 1101 645 quae
1124 581 1213 628 viri
1235 597 1400 642 manu,
1427 592 1479 628 ut
1502 583 1564 629 ita
1597 583 1821 644 dixerim,

407 657 583 722 sepulta
613 657 781 717 fuerat,
817 656 1025 704 rediviva
1059 658 1108 704 in
1135 659 1360 724 sospitate
1385 659 1646 719 virescens,
1677 678 1825 710 novas

407 735 599 782 frondes
626 735 796 782 emisit.
831 738 1026 782 Exstant
1059 735 1120 783 de
1154 751 1210 783 ea
1234 735 1381 784 hodie
1408 753 1603 801 quoque
1625 739 1825 802 virgulta

404 813 452 859 in
480 812 681 876 quinum
706 825 969 877 senumque
1001 823 1083 860 aut
1117 813 1212 861 fere
1243 815 1447 880 amplius
1470 814 1648 880 pedum
1671 816 1825 863 altitu-

403 889 540 948 dine,
574 907 679 955 quae
712 891 850 939 annis
881 891 1077 955 singulis
1111 892 1462 940 incrementum
1499 894 1759 953 sumentia,
1796 911 1824 942 a

403 969 613 1016 Domino
637 969 960 1018 sublevantur.

952 1105 1110 1141 CAPUT
1134 1105 1274 1142 XXIV.

868 1191 919 1224 De
934 1189 1164 1238 Monegunde
1182 1190 1357 1238 religiosa.

467 1287 606 1353 Apud
651 1288 803 1352 ipsam
849 1304 963 1335 vero
1008 1287 1177 1336 urbem
1211 1289 1498 1336 Turonicam
1541 1290 1679 1338 beata
1724 1293 1824 1338 Μο-

403 1365 662 1429 negundis¹
691 1365 827 1412 obiit.
861 1367 966 1412 Fuit
993 1377 1153 1413 autem
1184 1383 1241 1413 ex
1264 1369 1537 1414 Carnoteno
1563 1369 1819 1416 territorio.

403 1447 519 1501 Quae
544 1443 816 1505 relinquens
841 1452 938 1489 tam
967 1443 1169 1507 patriam
1200 1459 1345 1507 quam
1377 1453 1615 1508 parentes,
1644 1444 1707 1492 ad
1729 1445 1824 1493 hoc

401 1530 586 1568 tantum
632 1522 847 1566 Turones
879 1519 1101 1584 expetiit,
1141 1529 1195 1566 ut
1228 1520 1435 1566 orationi
1470 1530 1695 1569 vacaret:
1738 1539 1825 1587 per

402 1613 547 1661 quam
578 1599 707 1644 Deus
740 1595 909 1644 crebro
939 1597 1167 1644 miracula
1194 1597 1446 1645 ostendere
1479 1607 1549 1645 est
1582 1595 1820 1662 dignatus.

403 1678 521 1722 Nam
549 1676 587 1721 si
619 1674 725 1738 quis
760 1673 982 1739 pusulam
1017 1674 1191 1721 malam
1222 1674 1513 1735 incurrisset,
1545 1684 1594 1723 et
1620 1675 1683 1724 ad
1716 1694 1824 1726 eam

400 1753 595 1799 veniens
650 1752 918 1799 orationem
966 1751 1253 1817 precabatur
1277 1771 1289 1811 ;
1345 1753 1691 1819 confestimque
1745 1754 1824 1802 illa

401 1828 791 1894 prosternebatur
816 1828 878 1876 ad
906 1829 1274 1894 supplicandum
1302 1818 1585 1893 Dominum,
1615 1841 1662 1878 et
1690 1831 1823 1880 colli-

401 1922 514 1968 gens
536 1906 647 1953 folia
668 1906 921 1970 cujuslibet
946 1907 1087 1954 oleris
1111 1918 1192 1955 aut
1213 1909 1367 1973 pomi,
1395 1909 1543 1957 saliva
1565 1909 1818 1972 illiniebat,

402 1983 670 2049 faciensque
715 2001 907 2032 crucem
946 2002 1088 2050 super
1122 1985 1257 2034 ulcus
1301 1986 1582 2052 imponebat
1618 1987 1818 2034 solium:

400 2064 741 2128 confestimque
760 2065 824 2111 ila
848 2080 992 2110 omne
1018 2080 1262 2111 venenum
1281 2065 1607 2125 evanescebat,
1631 2075 1683 2112 ut
1704 2058 1823 2112 nihil

401 2140 599 2203 dignum
624 2141 704 2187 leti
727 2151 929 2204 aegrotus
950 2141 1072 2189 ultra
1091 2141 1335 2207 perferret.
1359 2143 1684 2201 Quartanariis
1706 2160 1823 2207 quo-

402 2235 495 2282 que
519 2227 563 2265 et
586 2218 744 2283 gulam
775 2219 1064 2281 dolentibus,
1092 2220 1202 2268 data
1225 2221 1478 2269 benedicta
1503 2237 1627 2285 aqua
1654 2222 1822 2286 saepius

401 2296 694 2344 medebatur.
735 2297 802 2343 Ad
828 2297 963 2360 cujus
990 2315 1120 2345 nunc
1142 2298 1415 2364 sepulcrum
1438 2298 1625 2346 assidue
1645 2298 1821 2346 infirmi

400 2374 651 2421 confluunt
694 2384 740 2420 et
775 2385 1018 2422 sanantur.
1067 2378 1188 2423 Nam
1226 2377 1393 2439 quanti
1433 2376 1630 2440 frigores
1669 2378 1818 2442 passi,

400 2455 566 2517 quanti
590 2471 619 2502 a
641 2454 820 2519 pusulis
841 2456 975 2503 malis
997 2472 1184 2503 veneno
1210 2457 1502 2505 incrassante
1526 2458 1817 2523 praemortui,

399 2532 565 2596 quanti
585 2548 611 2578 a
636 2532 905 2596 dysenteria
929 2533 994 2580 ibi
1015 2540 1125 2580 sunt
1149 2535 1317 2592 sanati,
1344 2535 1518 2582 viritim
1541 2552 1641 2582 non
1667 2545 1822 2600 potest

401 2609 639 2674 explicari.
667 2610 759 2658 Sed
782 2611 1011 2675 quoniam
1033 2611 1183 2660 multa
1201 2628 1258 2660 ex
1273 2612 1349 2660 his
1372 2613 1421 2660 in
1446 2613 1570 2660 libro
1595 2629 1740 2677 quem
1760 2612 1821 2660 de

452 2777 507 2831 (1)
524 2778 633 2820 Colb.
655 2788 746 2828 tut.,
767 2788 804 2819 et
819 2753 934 2830 Bell„
952 2784 1236 2834 Monagundis;
1260 2782 1339 2831 alii,
1361 2785 1612 2835 Monigunde's
1629 2786 1708 2832 (R).
