2028 3458
476 304 554 341 242
717 296 782 339 DE
810 302 1099 341 VIRTUTIBUS
1129 301 1301 340 SANCTI
1330 302 1554 341 MARTINI.
1577 321 1628 329 —
1648 302 1716 339 111.

476 390 660 436 cautius
680 389 803 435 nitor
823 396 1106 451 extorquere
1130 388 1394 449 veritatem,
1421 405 1506 435 cur
1523 389 1565 435 ei
1584 387 1684 435 haec
1704 388 1885 434 evenis-

475 477 596 526 sent,
618 466 718 512 haec
735 464 795 512 ab
806 481 864 511 eo
879 465 1039 512 didici.
1061 485 1083 508 «
1100 468 1218 512 Ante
1230 466 1338 526 hos,
1366 467 1536 531 inquit,
1553 478 1735 532 septem
1752 483 1886 514 men-

475 560 565 603 ses,
596 542 730 599 dum,
756 551 1002 588 commoto
1028 543 1272 590 matutinis
1303 543 1456 607 signo,
1481 545 1727 591 ecclesiam
1759 553 1888 608 pete·

471 637 590 677 rem,
632 618 823 666 obviam
867 618 1014 666 habui
1054 636 1206 666 unum
1251 620 1515 667 amicorum
1553 638 1801 680 meorum3
1838 621 1886 667 in

472 697 607 760 cujus
639 696 883 761 amplexus
918 706 964 742 et
999 696 1160 743 oscula
1196 713 1367 758 ruem,
1406 698 1629 745 sciscitari
1662 699 1810 763 coepi,
1849 697 1887 743 si

471 784 640 823 cuncta
676 775 810 821 domi
844 790 1074 839 prospera
1106 775 1386 839 reliquisset.
1414 778 1544 822 Tunc
1578 786 1827 823 revocatus
1859 792 1886 822 a

468 854 561 913 via,
577 862 744 918 potum
762 869 872 899 cum
896 851 1067 898 eodem
1085 852 1276 899 haurire
1294 853 1433 917 coepi.
1451 856 1706 917 Postquam
1727 863 1885 900 autem

457 931 746 977 ‘charitatem
766 947 851 994 per
871 929 1044 994 pocula
1064 929 1324 994 explevisse
1350 930 1501 976 visum
1518 940 1613 988 est,
1633 930 1734 976 vale
1757 930 1884 976 dicto

466 1007 708 1055 abscessit.
741 1010 849 1065 Quo
873 1007 1100 1066 abeunte,
1130 1017 1262 1053 tanto
1287 1008 1412 1055 oculi
1442 1009 1536 1054 mei
1561 1007 1743 1072 glutino
1766 1024 1887 1054 con-

463 1085 640 1148 junctis
663 1083 904 1149 palpebris
928 1083 1250 1142 adhaeserunt,
1285 1094 1335 1130 ut
1369 1100 1451 1131 eos
1480 1083 1751 1131 nullatenus
1774 1100 1885 1149 ape-

467 1161 561 1207 rire
595 1177 802 1225 possem.
842 1161 1058 1224 Denique
1091 1177 1201 1206 cum
1234 1161 1281 1206 in
1318 1160 1408 1207 hac
1438 1160 1713 1207 infirmitate
1744 1161 1886 1207 tristis

466 1237 665 1297 abirem,
691 1236 983 1284 desiderium
1019 1236 1166 1283 habui
1198 1237 1471 1302 sepulcrum
1505 1237 1629 1284 beati
1667 1237 1885 1284 antistitis

469 1316 655 1363 visitare
686 1334 695 1361 z
724 1315 802 1362 die
827 1325 986 1362 autem
1015 1315 1155 1361 tertio
1190 1325 1444 1379 postquam
1468 1315 1603 1374 veni,
1638 1332 1748 1362 cum
1785 1315 1885 1377 ejus

467 1392 685 1457 sepulcro
711 1393 992 1453 assisterem,
1016 1391 1174 1438 subito
1198 1391 1340 1438 febris
1365 1408 1535 1455 magna
1559 1391 1725 1439 oculos
1749 1408 1883 1438 meos

466 1470 682 1533 arripuit.
712 1471 770 1516 At
789 1485 878 1531 ego
898 1469 1137 1532 ingemere
1163 1468 1471 1516 vehementer
1496 1470 1637 1534 coepi,
1662 1478 1707 1515 et
1731 1469 1881 1515 sancti

465 1546 693 1593 auxilium
714 1545 896 1592 fortiter
918 1545 1163 1610 deprecari
1182 1564 1190 1592 :
1220 1545 1346 1592 illico
1367 1555 1524 1593 autem
1545 1562 1800 1610 erumpens
1825 1562 1879 1592 ex

465 1623 614 1669 oculis
631 1623 748 1670 meis
765 1623 955 1686 sanguis
969 1633 1160 1670 noctem
1173 1624 1370 1688 pepulit,
1388 1623 1611 1687 diemque
1626 1623 1830 1670 reduxit.
1852 1643 1873 1665 »

463 1703 571 1747 Haec
606 1699 746 1746 nobis
775 1699 1007 1747 diaconus
1032 1700 1224 1759 effatus,
1264 1701 1518 1747 incolumis
1555 1701 1783 1748 remeavit
1816 1699 1876 1746 ad

465 1779 658 1843 propria
667 1814 676 1823 .

988 1908 1144 1942 CAPUT
1174 1907 1347 1944 XXXIX.

880 2003 932 2037 De
951 2002 1094 2037 muliere
1115 2011 1295 2037 contracta
1312 2010 1345 2037 et
1365 2014 1467 2038 caeca.

532 2100 643 2144 Erat
657 2097 797 2143 etiam
822 2096 992 2143 mulier
1006 2097 1223 2160 quaedam
1245 2114 1383 2155 caeca,
1399 2114 1504 2161 quae
1527 2097 1782 2144 contractis
1808 2114 1878 2144 re-

470 2185 674 2221 trorsum
701 2172 922 2220 manibus
950 2189 1007 2220 ac
1038 2173 1259 2238 pedibus7
1287 2191 1397 2220 cum
1433 2184 1683 2238 parentum
1708 2174 1877 2221 solatio

470 2249 708 2297 celebrare
725 2248 915 2295 beatam
947 2249 1243 2296 festivitatem
1272 2251 1462 2313 gloriosi
1493 2251 1712 2298 antistitis
1735 2268 1878 2316 expe-

468 2328 588 2375 tivit.
624 2328 740 2384 Quae
761 2343 871 2373 cum
897 2326 973 2373 die
1004 2327 1139 2373 tertia
1168 2337 1275 2391 post
1300 2327 1547 2375 decursam
1580 2327 1879 2375 festivitatem

469 2404 530 2451 ad
548 2403 748 2450 domum
770 2402 925 2450 redire
949 2413 1159 2468 cuperet,
1184 2414 1416 2468 prostrata
1438 2405 1485 2451 in
1507 2414 1668 2451 sancta
1691 2404 1880 2452 basilica

470 2496 606 2527 orare
640 2481 799 2544 coepit,
828 2490 879 2526 ut
895 2481 937 2526 ei
960 2481 1195 2527 Dominus
1220 2481 1405 2528 solitam
1428 2482 1764 2529 misericordiae
1786 2499 1880 2529 suae

469 2574 612 2622 opem
633 2556 908 2620 dignaretur
925 2557 1191 2604 ostendere.
1221 2558 1362 2615 Quod
1389 2559 1504 2606 dum
1527 2576 1638 2606 cum
1660 2559 1879 2623 lacrymis

469 2645 668 2701 peteret,
700 2634 825 2703 illico
857 2635 1046 2682 directis
1081 2636 1299 2683 manibus
1322 2654 1377 2684 ac
1408 2637 1611 2702 pedibus
1644 2637 1875 2697 stabilitis,

468 2713 529 2760 ad
561 2723 776 2760 sanctum
808 2712 1015 2761 adducta
1038 2714 1326 2779 sepulcrum,
1361 2717 1531 2779 gratias
1562 2733 1651 2781 pro
1685 2726 1877 2782 accepta

471 2792 695 2855 sospitate
715 2791 909 2857 peregit.
938 2794 1043 2838 Post
1061 2791 1160 2838 haec
1178 2803 1310 2853 rogat
1333 2810 1381 2839 se
1405 2792 1577 2839 deduci
1600 2792 1660 2840 ad
1678 2794 1873 2851 ostium,
