2028 3458
485 303 562 340 238
719 304 784 339 DE
814 302 1098 340 VIRTUTIBUS
1125 302 1296 340 SANCTI
1323 302 1670 340 MART1N1.—11.

1029 489 1184 523 CAPUT
1209 489 1363 524 XXXV.

767 584 818 618 De
837 582 978 617 duobus
993 582 1206 630 paralyticis,
1226 591 1259 617 et
1274 595 1347 617 uno
1365 594 1457 617 caeco
1475 591 1607 618 sanato.

552 680 644 727 Sed
669 681 898 743 quoniam
923 679 1078 725 multae
1104 679 1298 725 virtutes
1327 690 1453 740 sunt,
1478 697 1595 743 quas
1615 680 1745 726 orbis
1767 689 1893 725 totus

486 758 745 823 experitur,
773 756 833 803 de
856 756 1030 820 quibus
1059 755 1117 802 ad
1146 773 1234 802 nos
1264 773 1353 803 nec
1380 757 1596 815 minima,
1626 767 1677 803 ut
1698 757 1887 820 opinor,

487 853 595 900 pars
611 835 811 898 attingit,
826 834 899 881 vel
914 834 992 881 illa
1011 851 1114 897 quae
1126 834 1341 880 vicinitas
1357 834 1887 898 experiturindicemus.

485 913 714 959 Invitatus
760 912 917 974 itaque
958 910 1244 973 Badegisilus
1288 913 1676 958 Cenomanorum
1712 911 1893 974 episco-

484 1004 589 1050 pus,
616 986 676 1033 ad
703 985 958 1049 quemdam
981 986 1140 1031 locum
1171 984 1386 1031 dioecesis
1416 1002 1510 1031 suae
1537 985 1683 1044 venit,
1713 983 1774 1029 ad
1807 983 1891 1029 ba-

482 1062 661 1109 silicam
696 1061 834 1108 *beati
870 1060 956 1114 viri
985 1070 1032 1106 et
1062 1060 1259 1106 nomine
1293 1070 1339 1106 et
1370 1061 1580 1124 reliquiis
1610 1075 1893 1106 consecran-

482 1139 612 1186 dam.
648 1138 891 1185 Celebrata
926 1137 1180 1195 solemnia,
1217 1137 1493 1183 invocantes
1525 1136 1676 1183 sancti
1706 1136 1893 1182 Martini

486 1232 682 1275 nomen,
698 1216 796 1262 duo
819 1215 1062 1280 paralytici
1088 1230 1318 1277 gressum,
1337 1230 1581 1277 caecusque
1601 1230 1725 1260 unus
1741 1214 1894 1259 visum

486 1293 679 1357 recepit.

1001 1440 1157 1475 CAPUT
1183 1441 1356 1478 XXXVI.

968 1536 1020 1570 De
1038 1536 1196 1583 Augusto
1215 1544 1410 1571 contracto.

459 1689 461 1692 .
552 1632 803 1694 Augustus¹
824 1640 985 1677 autem
1001 1630 1198 1694 quidam
1217 1632 1332 1677 civis
1351 1630 1480 1677 urbis
1494 1632 1755 1690 Turonicae,
1778 1630 1893 1677 dum

484 1707 634 1753 nimio
665 1721 835 1752 renum
868 1704 1036 1751 dolore
1064 1704 1279 1765 laborat,
1319 1706 1574 1751 contractis
1608 1705 1812 1770 pedibus
1847 1714 1892 1750 et

482 1799 633 1848 prope
653 1782 714 1828 ad
736 1783 864 1847 ipsos
886 1797 1022 1828 renes
1042 1781 1260 1842 redactiS,
1281 1782 1484 1846 pessime
1507 1780 1779 1828 debilitatur
1807 1797 1816 1825 z
1845 1781 1892 1826 in

483 1877 576 1925 qua
598 1859 870 1907 infirmitate
894 1876 980 1924 per
1002 1859 1209 1905 duorum
1233 1875 1471 1906 annorum
1494 1858 1729 1905 curricula
1758 1857 1893 1905 labo-

482 1938 617 1985 ravit.
645 1936 829 1983 Deinde
847 1953 875 1983 a
904 1937 1000 1983 suis
1022 1936 1344 2002 commonitus
1368 1935 1611 1982 basilicam
1636 1936 1785 1982 sancti
1811 1952 1892 1981 ex·

484 2015 641 2078 petiit„
678 2013 838 2077 ibique
885 2030 969 2078 per
1013 2022 1194 2078 septem
1242 2013 1342 2059 dies
1381 2013 1602 2076 jejunans
1639 2022 1685 2059 et
1731 2029 1889 2067 orans,

418 2109 426 2116 ·
486 2091 680 2155 dempto
705 2090 873 2137 dolore
912 2090 1197 2153 directisque
1231 2089 1454 2153 pedibus,
1486 2105 1629 2136 sanus
1650 2088 1888 2136 abscessit.

993 2244 1148 2280 CAPUT
1172 2244 1363 2279 xxxvn.

1034 2338 1085 2371 De
1101 2337 1217 2384 puella
1233 2346 1341 2371 muta.

549 2436 650 2480 Hoc
668 2442 882 2496 tempore
897 2441 943 2478 et
968 2431 1138 2478 mulier
1154 2433 1389 2495 quaedam,
1407 2433 1522 2479 dum
1535 2433 1888 2481 discedentibus

486 2508 696 2573 paribuS‚
710 2509 810 2555 sola
831 2518 1015 2555 tantum
1033 2510 1332 2581 remansitlad
1355 2511 1513 2570 telam,
1526 2514 1746 2576 apparuit
1762 2512 1804 2558 ei
1826 2528 1892 2558 se·

485 2586 617 2633 denti
638 2585 806 2633 umbra
827 2586 1080 2645 teterrima,
1102 2603 1206 2650 quae
1228 2588 1459 2651 arripiens
1482 2587 1608 2634 illam
1634 2588 1891 2653 puellulam

538 2780 592 2826 (1)
604 2777 891 2829 Mss.plerique,
910 2791 1100 2829 proniore
1119 2779 1309 2818 scribendi
1322 2792 1454 2818 eorum
1473 2788 1703 2832 temporum,
1715 2785 1887 2832 Agustus.
