<?xml version="1.0" encoding="UTF-8"?>
<!DOCTYPE html PUBLIC "-//W3C//DTD XHTML 1.0 Transitional//EN"
    "http://www.w3.org/TR/xhtml1/DTD/xhtml1-transitional.dtd">
<html xmlns="http://www.w3.org/1999/xhtml" xml:lang="en" lang="en">
 <head>
  <title>
</title>
<meta http-equiv="Content-Type" content="text/html;charset=utf-8" />
  <meta name='ocr-system' content='tesseract 3.04.00' />
  <meta name='ocr-capabilities' content='ocr_page ocr_carea ocr_par ocr_line ocrx_word'/>
</head>
<body>
  <div class='ocr_page' id='page_1' title='image "./leslivresdesmira02greguoft_0036.png"; bbox 0 0 2028 3458; ppageno 0'>
   <div class='ocr_carea' id='block_1_1' title="bbox 467 308 1652 357">
    <p class='ocr_par' dir='ltr' id='par_1_1' title="bbox 467 308 1652 357">
     <span class='ocr_line' id='line_1_1' title="bbox 467 308 1652 357; baseline -0.003 -8"><span class='ocrx_word' id='word_1_1' title='bbox 467 320 519 357; x_wconf 73' lang='lat'>20</span> <span class='ocrx_word' id='word_1_2' title='bbox 680 315 743 351; x_wconf 83' lang='lat' dir='ltr'>DE</span> <span class='ocrx_word' id='word_1_3' title='bbox 773 311 1062 349; x_wconf 77' lang='lat' dir='ltr'>vaUTissus</span> <span class='ocrx_word' id='word_1_4' title='bbox 1099 310 1269 347; x_wconf 68' lang='lat' dir='ltr'>SANc‘n</span> <span class='ocrx_word' id='word_1_5' title='bbox 1305 308 1652 345; x_wconf 80' lang='lat' dir='ltr'>MART1N1.-1.</span> 
     </span>
    </p>
   </div>
   <div class='ocr_carea' id='block_1_2' title="bbox 446 397 1875 1921">
    <p class='ocr_par' dir='ltr' id='par_1_2' title="bbox 446 397 1875 1921">
     <span class='ocr_line' id='line_1_2' title="bbox 467 397 1874 465; baseline -0.009 -9"><span class='ocrx_word' id='word_1_6' title='bbox 467 409 641 456; x_wconf 84' lang='lat' dir='ltr'>bantur</span> <span class='ocrx_word' id='word_1_7' title='bbox 674 403 845 452; x_wconf 85' lang='lat' dir='ltr'>audiri.</span> <span class='ocrx_word' id='word_1_8' title='bbox 876 405 1006 448; x_wconf 87' lang='lat' dir='ltr'>Tunc</span> <span class='ocrx_word' id='word_1_9' title='bbox 1040 399 1261 465; x_wconf 85' lang='lat' dir='ltr'><strong>prostrati</strong></span> <span class='ocrx_word' id='word_1_10' title='bbox 1293 407 1451 459; x_wconf 80' lang='lat' dir='ltr'>terrae,</span> <span class='ocrx_word' id='word_1_11' title='bbox 1488 397 1588 462; x_wconf 92' lang='lat' dir='ltr'>ipse</span> <span class='ocrx_word' id='word_1_12' title='bbox 1624 397 1799 461; x_wconf 88' lang='lat' dir='ltr'>pariter</span> <span class='ocrx_word' id='word_1_13' title='bbox 1828 406 1874 444; x_wconf 89' lang='lat' dir='ltr'>et</span> 
     </span>
     <span class='ocr_line' id='line_1_3' title="bbox 466 474 1874 547; baseline -0.009 -14"><span class='ocrx_word' id='word_1_14' title='bbox 466 485 632 533; x_wconf 88' lang='lat' dir='ltr'>beatus</span> <span class='ocrx_word' id='word_1_15' title='bbox 664 483 915 547; x_wconf 89' lang='lat' dir='ltr'>episcopus</span> <span class='ocrx_word' id='word_1_16' title='bbox 950 478 1211 525; x_wconf 89' lang='lat' dir='ltr'>Dominum</span> <span class='ocrx_word' id='word_1_17' title='bbox 1245 475 1589 541; x_wconf 86' lang='lat' dir='ltr'>deprecantur,</span> <span class='ocrx_word' id='word_1_18' title='bbox 1622 484 1675 522; x_wconf 92' lang='lat' dir='ltr'>ut</span> <span class='ocrx_word' id='word_1_19' title='bbox 1702 474 1796 522; x_wconf 93' lang='lat' dir='ltr'>hoc</span> <span class='ocrx_word' id='word_1_20' title='bbox 1831 475 1874 522; x_wconf 93' lang='lat' dir='ltr'>ei</span> 
     </span>
     <span class='ocr_line' id='line_1_4' title="bbox 466 553 1874 626; baseline -0.009 -16"><span class='ocrx_word' id='word_1_21' title='bbox 466 562 626 610; x_wconf 90' lang='lat' dir='ltr'>divina</span> <span class='ocrx_word' id='word_1_22' title='bbox 650 561 796 626; x_wconf 86' lang='lat' dir='ltr'>pietas</span> <span class='ocrx_word' id='word_1_23' title='bbox 820 557 984 604; x_wconf 86' lang='lat' dir='ltr'>audire</span> <span class='ocrx_word' id='word_1_24' title='bbox 1007 555 1316 621; x_wconf 87' lang='lat' dir='ltr'>permitteret.</span> <span class='ocrx_word' id='word_1_25' title='bbox 1348 553 1524 601; x_wconf 87' lang='lat' dir='ltr'>Erectis</span> <span class='ocrx_word' id='word_1_26' title='bbox 1551 562 1735 612; x_wconf 87' lang='lat' dir='ltr'>autem,</span> <span class='ocrx_word' id='word_1_27' title='bbox 1766 569 1874 599; x_wconf 86' lang='lat' dir='ltr'>rur-</span> 
     </span>
     <span class='ocr_line' id='line_1_5' title="bbox 464 630 1868 699; baseline -0.007 -13"><span class='ocrx_word' id='word_1_28' title='bbox 464 656 572 686; x_wconf 92' lang='lat' dir='ltr'>sum</span> <span class='ocrx_word' id='word_1_29' title='bbox 610 639 867 699; x_wconf 82' lang='lat' dir='ltr'>interrogat</span> <span class='ocrx_word' id='word_1_30' title='bbox 911 650 1054 681; x_wconf 79' lang='lat' dir='ltr'>senex</span> <span class='ocrx_word' id='word_1_31' title='bbox 1078 650 1088 677; x_wconf 74' lang='grc' dir='ltr'><strong><em>ε</em></strong></span> <span class='ocrx_word' id='word_1_32' title='bbox 1136 652 1158 675; x_wconf 72' lang='grc' dir='ltr'>ε(</span> <span class='ocrx_word' id='word_1_33' title='bbox 1203 630 1332 689; x_wconf 86' lang='lat' dir='ltr'>Quid</span> <span class='ocrx_word' id='word_1_34' title='bbox 1378 630 1545 678; x_wconf 83' lang='lat' dir='ltr'>audis?</span> <span class='ocrx_word' id='word_1_35' title='bbox 1575 652 1598 676; x_wconf 78' lang='lat' dir='ltr'>n</span> <span class='ocrx_word' id='word_1_36' title='bbox 1639 630 1734 689; x_wconf 88' lang='lat' dir='ltr'>Qui</span> <span class='ocrx_word' id='word_1_37' title='bbox 1773 630 1838 677; x_wconf 86' lang='lat' dir='ltr'>ait</span> <span class='ocrx_word' id='word_1_38' title='bbox 1859 650 1868 676; x_wconf 88' lang='lat'><strong>:</strong></span> 
     </span>
     <span class='ocr_line' id='line_1_6' title="bbox 462 708 1873 778; baseline -0.006 -15"><span class='ocrx_word' id='word_1_39' title='bbox 462 736 485 762; x_wconf 89' lang='lat'>«</span> <span class='ocrx_word' id='word_1_40' title='bbox 519 719 669 763; x_wconf 90' lang='lat' dir='ltr'>Voces</span> <span class='ocrx_word' id='word_1_41' title='bbox 686 712 986 778; x_wconf 87' lang='lat' dir='ltr'>psallentium</span> <span class='ocrx_word' id='word_1_42' title='bbox 1006 720 1233 774; x_wconf 85' lang='lat' dir='ltr'>tanquam</span> <span class='ocrx_word' id='word_1_43' title='bbox 1254 710 1301 756; x_wconf 92' lang='lat' dir='ltr'>in</span> <span class='ocrx_word' id='word_1_44' title='bbox 1322 710 1443 757; x_wconf 88' lang='lat' dir='ltr'>coelo</span> <span class='ocrx_word' id='word_1_45' title='bbox 1467 709 1629 770; x_wconf 85' lang='lat' dir='ltr'>audio,</span> <span class='ocrx_word' id='word_1_46' title='bbox 1650 708 1733 755; x_wconf 89' lang='lat' dir='ltr'>sed</span> <span class='ocrx_word' id='word_1_47' title='bbox 1756 708 1873 772; x_wconf 90' lang='lat' dir='ltr'>quid</span> 
     </span>
     <span class='ocr_line' id='line_1_7' title="bbox 459 787 1875 858; baseline -0.006 -17"><span class='ocrx_word' id='word_1_48' title='bbox 459 796 518 842; x_wconf 90' lang='lat' dir='ltr'>sit</span> <span class='ocrx_word' id='word_1_49' title='bbox 542 809 734 858; x_wconf 88' lang='lat' dir='ltr'>prorsus</span> <span class='ocrx_word' id='word_1_50' title='bbox 756 792 943 854; x_wconf 84' lang='lat' dir='ltr'>ignoro.</span> <span class='ocrx_word' id='word_1_51' title='bbox 973 810 993 833; x_wconf 87' lang='grc'>»</span> <span class='ocrx_word' id='word_1_52' title='bbox 1022 789 1109 836; x_wconf 92' lang='lat' dir='ltr'>Cui</span> <span class='ocrx_word' id='word_1_53' title='bbox 1133 788 1209 835; x_wconf 92' lang='lat' dir='ltr'>ille</span> <span class='ocrx_word' id='word_1_54' title='bbox 1230 806 1240 833; x_wconf 74' lang='grc' dir='ltr'><em>ι</em></span> <span class='ocrx_word' id='word_1_55' title='bbox 1274 808 1294 830; x_wconf 75' lang='grc' dir='ltr'>κ</span> <span class='ocrx_word' id='word_1_56' title='bbox 1317 791 1416 851; x_wconf 88' lang='lat' dir='ltr'>Ego</span> <span class='ocrx_word' id='word_1_57' title='bbox 1441 787 1527 834; x_wconf 89' lang='lat' dir='ltr'>tibi</span> <span class='ocrx_word' id='word_1_58' title='bbox 1549 787 1667 852; x_wconf 92' lang='lat' dir='ltr'>quid</span> <span class='ocrx_word' id='word_1_59' title='bbox 1689 787 1748 833; x_wconf 88' lang='lat' dir='ltr'>sit</span> <span class='ocrx_word' id='word_1_60' title='bbox 1771 802 1875 833; x_wconf 91' lang='lat' dir='ltr'>nar-</span> 
     </span>
     <span class='ocr_line' id='line_1_8' title="bbox 457 865 1872 930; baseline -0.006 -12"><span class='ocrx_word' id='word_1_61' title='bbox 457 871 592 918; x_wconf 87' lang='lat' dir='ltr'>rabo.</span> <span class='ocrx_word' id='word_1_62' title='bbox 621 869 855 917; x_wconf 89' lang='lat' dir='ltr'>Dominus</span> <span class='ocrx_word' id='word_1_63' title='bbox 877 885 1010 916; x_wconf 87' lang='lat' dir='ltr'>meus</span> <span class='ocrx_word' id='word_1_64' title='bbox 1037 867 1267 914; x_wconf 88' lang='lat' dir='ltr'>Martinus</span> <span class='ocrx_word' id='word_1_65' title='bbox 1292 866 1545 930; x_wconf 88' lang='lat' dir='ltr'>episcopus</span> <span class='ocrx_word' id='word_1_66' title='bbox 1575 865 1792 929; x_wconf 84' lang='lat' dir='ltr'>migravit</span> <span class='ocrx_word' id='word_1_67' title='bbox 1814 881 1872 910; x_wconf 83' lang='lat' dir='ltr'>ex</span> 
     </span>
     <span class='ocr_line' id='line_1_9' title="bbox 456 942 1872 1008; baseline -0.004 -14"><span class='ocrx_word' id='word_1_68' title='bbox 456 948 548 994; x_wconf 91' lang='lat' dir='ltr'>hoc</span> <span class='ocrx_word' id='word_1_69' title='bbox 580 946 793 1004; x_wconf 91' lang='lat' dir='ltr'>mundo;</span> <span class='ocrx_word' id='word_1_70' title='bbox 828 955 875 992; x_wconf 90' lang='lat' dir='ltr'>et</span> <span class='ocrx_word' id='word_1_71' title='bbox 909 961 1037 991; x_wconf 91' lang='lat' dir='ltr'>nunc</span> <span class='ocrx_word' id='word_1_72' title='bbox 1073 944 1229 1008; x_wconf 84' lang='lat' dir='ltr'>angeli</span> <span class='ocrx_word' id='word_1_73' title='bbox 1262 943 1482 990; x_wconf 90' lang='lat' dir='ltr'>canendo</span> <span class='ocrx_word' id='word_1_74' title='bbox 1518 960 1630 990; x_wconf 90' lang='lat' dir='ltr'>eum</span> <span class='ocrx_word' id='word_1_75' title='bbox 1654 942 1872 989; x_wconf 87' lang='lat' dir='ltr'>deferunt</span> 
     </span>
     <span class='ocr_line' id='line_1_10' title="bbox 454 1019 1873 1087; baseline -0.004 -16"><span class='ocrx_word' id='word_1_76' title='bbox 454 1025 503 1071; x_wconf 91' lang='lat' dir='ltr'>in</span> <span class='ocrx_word' id='word_1_77' title='bbox 527 1023 782 1071; x_wconf 88' lang='lat' dir='ltr'>excelsum.</span> <span class='ocrx_word' id='word_1_78' title='bbox 809 1026 866 1068; x_wconf 90' lang='lat' dir='ltr'>Et</span> <span class='ocrx_word' id='word_1_79' title='bbox 887 1031 939 1068; x_wconf 92' lang='lat' dir='ltr'>ut</span> <span class='ocrx_word' id='word_1_80' title='bbox 963 1038 1222 1087; x_wconf 89' lang='lat' dir='ltr'>parumper</span> <span class='ocrx_word' id='word_1_81' title='bbox 1244 1038 1391 1068; x_wconf 85' lang='lat' dir='ltr'>morae</span> <span class='ocrx_word' id='word_1_82' title='bbox 1415 1031 1560 1079; x_wconf 80' lang='lat' dir='ltr'>esset,</span> <span class='ocrx_word' id='word_1_83' title='bbox 1591 1029 1642 1066; x_wconf 91' lang='lat' dir='ltr'>ut</span> <span class='ocrx_word' id='word_1_84' title='bbox 1663 1019 1764 1066; x_wconf 91' lang='lat' dir='ltr'>haec</span> <span class='ocrx_word' id='word_1_85' title='bbox 1786 1035 1873 1067; x_wconf 88' lang='lat' dir='ltr'>au·-</span> 
     </span>
     <span class='ocr_line' id='line_1_11' title="bbox 454 1098 1870 1163; baseline -0.002 -16"><span class='ocrx_word' id='word_1_86' title='bbox 454 1102 685 1161; x_wconf 83' lang='lat' dir='ltr'>direntur,</span> <span class='ocrx_word' id='word_1_87' title='bbox 724 1099 944 1146; x_wconf 90' lang='lat' dir='ltr'>diabolus</span> <span class='ocrx_word' id='word_1_88' title='bbox 969 1116 1080 1146; x_wconf 91' lang='lat' dir='ltr'>eum</span> <span class='ocrx_word' id='word_1_89' title='bbox 1113 1115 1225 1146; x_wconf 91' lang='lat' dir='ltr'>cum</span> <span class='ocrx_word' id='word_1_90' title='bbox 1259 1099 1435 1163; x_wconf 89' lang='lat' dir='ltr'>iniquis</span> <span class='ocrx_word' id='word_1_91' title='bbox 1458 1098 1636 1163; x_wconf 78' lang='lat' dir='ltr'>angelis</span> <span class='ocrx_word' id='word_1_92' title='bbox 1667 1098 1870 1145; x_wconf 85' lang='lat' dir='ltr'>retinere</span> 
     </span>
     <span class='ocr_line' id='line_1_12' title="bbox 452 1174 1870 1242; baseline -0.004 -18"><span class='ocrx_word' id='word_1_93' title='bbox 452 1178 665 1236; x_wconf 85' lang='lat' dir='ltr'>tentavit,</span> <span class='ocrx_word' id='word_1_94' title='bbox 692 1178 905 1241; x_wconf 89' lang='lat' dir='ltr'>nihilque</span> <span class='ocrx_word' id='word_1_95' title='bbox 930 1194 1068 1223; x_wconf 91' lang='lat' dir='ltr'>suum</span> <span class='ocrx_word' id='word_1_96' title='bbox 1092 1177 1139 1224; x_wconf 89' lang='lat' dir='ltr'>in</span> <span class='ocrx_word' id='word_1_97' title='bbox 1164 1176 1338 1223; x_wconf 88' lang='lat' dir='ltr'>eodem</span> <span class='ocrx_word' id='word_1_98' title='bbox 1361 1177 1618 1242; x_wconf 83' lang='lat' dir='ltr'>reperiens,</span> <span class='ocrx_word' id='word_1_99' title='bbox 1644 1174 1870 1222; x_wconf 88' lang='lat' dir='ltr'>confusus</span> 
     </span>
     <span class='ocr_line' id='line_1_13' title="bbox 451 1251 1867 1318; baseline -0.002 -17"><span class='ocrx_word' id='word_1_100' title='bbox 451 1255 691 1301; x_wconf 85' lang='lat' dir='ltr'>abscessit.</span> <span class='ocrx_word' id='word_1_101' title='bbox 724 1254 852 1312; x_wconf 88' lang='lat' dir='ltr'>Quid</span> <span class='ocrx_word' id='word_1_102' title='bbox 890 1270 1003 1316; x_wconf 88' lang='lat' dir='ltr'>ergo</span> <span class='ocrx_word' id='word_1_103' title='bbox 1039 1253 1100 1300; x_wconf 94' lang='lat' dir='ltr'>de</span> <span class='ocrx_word' id='word_1_104' title='bbox 1134 1253 1275 1300; x_wconf 87' lang='lat' dir='ltr'>nobis</span> <span class='ocrx_word' id='word_1_105' title='bbox 1314 1253 1646 1318; x_wconf 88' lang='lat' dir='ltr'>peccatoribus</span> <span class='ocrx_word' id='word_1_106' title='bbox 1679 1252 1791 1313; x_wconf 89' lang='lat' dir='ltr'>erit,</span> <span class='ocrx_word' id='word_1_107' title='bbox 1830 1251 1867 1298; x_wconf 91' lang='lat' dir='ltr'>si</span> 
     </span>
     <span class='ocr_line' id='line_1_14' title="bbox 453 1330 1868 1395; baseline -0.001 -17"><span class='ocrx_word' id='word_1_108' title='bbox 453 1342 583 1378; x_wconf 90' lang='lat' dir='ltr'>tanto</span> <span class='ocrx_word' id='word_1_109' title='bbox 609 1331 842 1378; x_wconf 89' lang='lat' dir='ltr'>sacerdoti</span> <span class='ocrx_word' id='word_1_110' title='bbox 864 1330 1016 1377; x_wconf 91' lang='lat' dir='ltr'>voluit</span> <span class='ocrx_word' id='word_1_111' title='bbox 1038 1347 1148 1395; x_wconf 88' lang='lat' dir='ltr'>pars</span> <span class='ocrx_word' id='word_1_112' title='bbox 1170 1331 1336 1394; x_wconf 92' lang='lat' dir='ltr'>iniqua</span> <span class='ocrx_word' id='word_1_113' title='bbox 1359 1331 1563 1378; x_wconf 81' lang='lat' dir='ltr'>nocere?</span> <span class='ocrx_word' id='word_1_114' title='bbox 1587 1334 1695 1377; x_wconf 87' lang='lat' dir='ltr'>Haec</span> <span class='ocrx_word' id='word_1_115' title='bbox 1719 1347 1868 1376; x_wconf 86' lang='lat' dir='ltr'>sacer-</span> 
     </span>
     <span class='ocr_line' id='line_1_15' title="bbox 447 1408 1866 1473; baseline -0.001 -18"><span class='ocrx_word' id='word_1_116' title='bbox 447 1409 560 1455; x_wconf 90' lang='lat' dir='ltr'>dote</span> <span class='ocrx_word' id='word_1_117' title='bbox 582 1408 809 1472; x_wconf 87' lang='lat' dir='ltr'>loquente</span> <span class='ocrx_word' id='word_1_118' title='bbox 829 1409 1009 1455; x_wconf 88' lang='lat' dir='ltr'>notavit</span> <span class='ocrx_word' id='word_1_119' title='bbox 1030 1418 1219 1473; x_wconf 91' lang='lat' dir='ltr'>tempus</span> <span class='ocrx_word' id='word_1_120' title='bbox 1238 1408 1622 1466; x_wconf 86' lang='lat' dir='ltr'>archidiaconus,</span> <span class='ocrx_word' id='word_1_121' title='bbox 1648 1417 1695 1455; x_wconf 88' lang='lat' dir='ltr'>et</span> <span class='ocrx_word' id='word_1_122' title='bbox 1716 1410 1866 1454; x_wconf 81' lang='lat' dir='ltr'>Turo-</span> 
     </span>
     <span class='ocr_line' id='line_1_16' title="bbox 447 1485 1866 1550; baseline -0.001 -18"><span class='ocrx_word' id='word_1_123' title='bbox 447 1501 535 1533; x_wconf 91' lang='lat' dir='ltr'>nos</span> <span class='ocrx_word' id='word_1_124' title='bbox 559 1486 684 1532; x_wconf 86' lang='lat' dir='ltr'>misit</span> <span class='ocrx_word' id='word_1_125' title='bbox 706 1486 932 1533; x_wconf 87' lang='lat' dir='ltr'>velociter</span> <span class='ocrx_word' id='word_1_126' title='bbox 955 1486 1038 1550; x_wconf 90' lang='lat' dir='ltr'>qui</span> <span class='ocrx_word' id='word_1_127' title='bbox 1062 1485 1163 1533; x_wconf 87' lang='lat' dir='ltr'>haec</span> <span class='ocrx_word' id='word_1_128' title='bbox 1185 1486 1435 1550; x_wconf 85' lang='lat' dir='ltr'>diligenter</span> <span class='ocrx_word' id='word_1_129' title='bbox 1461 1487 1740 1550; x_wconf 86' lang='lat' dir='ltr'>inquireret.</span> <span class='ocrx_word' id='word_1_130' title='bbox 1772 1486 1866 1543; x_wconf 84' lang='lat' dir='ltr'>Qui</span> 
     </span>
     <span class='ocr_line' id='line_1_17' title="bbox 447 1563 1866 1627; baseline 0 -17"><span class='ocrx_word' id='word_1_131' title='bbox 447 1563 659 1622; x_wconf 90' lang='lat' dir='ltr'>veniens,</span> <span class='ocrx_word' id='word_1_132' title='bbox 691 1580 748 1609; x_wconf 91' lang='lat' dir='ltr'>eo</span> <span class='ocrx_word' id='word_1_133' title='bbox 772 1563 849 1610; x_wconf 92' lang='lat' dir='ltr'>die</span> <span class='ocrx_word' id='word_1_134' title='bbox 873 1573 918 1610; x_wconf 87' lang='lat' dir='ltr'>et</span> <span class='ocrx_word' id='word_1_135' title='bbox 941 1563 1062 1610; x_wconf 86' lang='lat' dir='ltr'>hora</span> <span class='ocrx_word' id='word_1_136' title='bbox 1087 1564 1468 1611; x_wconf 80' lang='lat' dir='ltr'>manifestissime</span> <span class='ocrx_word' id='word_1_137' title='bbox 1485 1565 1712 1627; x_wconf 85' lang='lat' dir='ltr'>cognovit</span> <span class='ocrx_word' id='word_1_138' title='bbox 1737 1574 1866 1610; x_wconf 84' lang='lat' dir='ltr'>tran-</span> 
     </span>
     <span class='ocr_line' id='line_1_18' title="bbox 447 1640 1866 1705; baseline 0 -18"><span class='ocrx_word' id='word_1_139' title='bbox 447 1640 558 1687; x_wconf 91' lang='lat' dir='ltr'>sisse</span> <span class='ocrx_word' id='word_1_140' title='bbox 579 1640 772 1687; x_wconf 84' lang='lat' dir='ltr'>beatum</span> <span class='ocrx_word' id='word_1_141' title='bbox 791 1641 1067 1699; x_wconf 72' lang='lat' dir='ltr'>Max-tinum,</span> <span class='ocrx_word' id='word_1_142' title='bbox 1090 1658 1188 1705; x_wconf 91' lang='lat' dir='ltr'>quo</span> <span class='ocrx_word' id='word_1_143' title='bbox 1205 1651 1394 1688; x_wconf 88' lang='lat' dir='ltr'>sanctus</span> <span class='ocrx_word' id='word_1_144' title='bbox 1411 1643 1666 1688; x_wconf 85' lang='lat' dir='ltr'>Severinus</span> <span class='ocrx_word' id='word_1_145' title='bbox 1683 1641 1866 1688; x_wconf 86' lang='lat' dir='ltr'>audivit</span> 
     </span>
     <span class='ocr_line' id='line_1_19' title="bbox 446 1717 1865 1782; baseline 0.001 -19"><span class='ocrx_word' id='word_1_146' title='bbox 446 1717 749 1782; x_wconf 86' lang='lat' dir='ltr'>psallentium</span> <span class='ocrx_word' id='word_1_147' title='bbox 775 1717 996 1764; x_wconf 89' lang='lat' dir='ltr'>chorum.</span> <span class='ocrx_word' id='word_1_148' title='bbox 1027 1718 1120 1765; x_wconf 92' lang='lat' dir='ltr'>Sed</span> <span class='ocrx_word' id='word_1_149' title='bbox 1146 1727 1192 1764; x_wconf 91' lang='lat' dir='ltr'>et</span> <span class='ocrx_word' id='word_1_150' title='bbox 1216 1719 1254 1764; x_wconf 91' lang='lat' dir='ltr'>si</span> <span class='ocrx_word' id='word_1_151' title='bbox 1281 1717 1343 1766; x_wconf 88' lang='lat' dir='ltr'>ad</span> <span class='ocrx_word' id='word_1_152' title='bbox 1371 1719 1531 1766; x_wconf 88' lang='lat' dir='ltr'>Severi</span> <span class='ocrx_word' id='word_1_153' title='bbox 1563 1735 1865 1766; x_wconf 84' lang='lat' dir='ltr'>recurramus</span> 
     </span>
     <span class='ocr_line' id='line_1_20' title="bbox 447 1795 1865 1862; baseline 0.001 -20"><span class='ocrx_word' id='word_1_154' title='bbox 447 1795 720 1856; x_wconf 85' lang='lat' dir='ltr'>Historiam,</span> <span class='ocrx_word' id='word_1_155' title='bbox 748 1795 848 1860; x_wconf 88' lang='lat' dir='ltr'>ipsa</span> <span class='ocrx_word' id='word_1_156' title='bbox 871 1795 993 1843; x_wconf 85' lang='lat' dir='ltr'>hora</span> <span class='ocrx_word' id='word_1_157' title='bbox 1016 1813 1128 1843; x_wconf 92' lang='lat' dir='ltr'>eum</span> <span class='ocrx_word' id='word_1_158' title='bbox 1150 1795 1241 1843; x_wconf 83' lang='lat' dir='ltr'>sibi</span> <span class='ocrx_word' id='word_1_159' title='bbox 1274 1796 1463 1862; x_wconf 90' lang='lat' dir='ltr'>scripsit</span> <span class='ocrx_word' id='word_1_160' title='bbox 1486 1797 1537 1844; x_wconf 92' lang='lat' dir='ltr'>in</span> <span class='ocrx_word' id='word_1_161' title='bbox 1561 1800 1571 1822; x_wconf 88' lang='lat'><strong>¹</strong></span> <span class='ocrx_word' id='word_1_162' title='bbox 1602 1796 1726 1844; x_wconf 90' lang='lat' dir='ltr'>libro</span> <span class='ocrx_word' id='word_1_163' title='bbox 1760 1798 1865 1844; x_wconf 88' lang='lat' dir='ltr'>vitae</span> 
     </span>
     <span class='ocr_line' id='line_1_21' title="bbox 449 1872 1002 1921; baseline 0.002 -2"><span class='ocrx_word' id='word_1_164' title='bbox 449 1889 542 1920; x_wconf 85' lang='lat' dir='ltr'>suae</span> <span class='ocrx_word' id='word_1_165' title='bbox 561 1872 702 1920; x_wconf 85' lang='lat' dir='ltr'>fuisse</span> <span class='ocrx_word' id='word_1_166' title='bbox 723 1874 1002 1921; x_wconf 87' lang='lat' dir='ltr'>revelatum.</span> 
     </span>
    </p>
   </div>
   <div class='ocr_carea' id='block_1_3' title="bbox 1035 2012 1271 2051">
    <p class='ocr_par' dir='ltr' id='par_1_3' title="bbox 1035 2012 1271 2051">
     <span class='ocr_line' id='line_1_22' title="bbox 1035 2012 1271 2051; baseline 0.008 -3"><span class='ocrx_word' id='word_1_167' title='bbox 1035 2012 1191 2048; x_wconf 90' lang='lat' dir='ltr'><strong>CAPUT</strong></span> <span class='ocrx_word' id='word_1_168' title='bbox 1221 2014 1271 2051; x_wconf 80' lang='lat' dir='ltr'>V.</span> 
     </span>
    </p>
   </div>
   <div class='ocr_carea' id='block_1_4' title="bbox 637 2108 1670 2152">
    <p class='ocr_par' dir='ltr' id='par_1_4' title="bbox 637 2108 1670 2152">
     <span class='ocr_line' id='line_1_23' title="bbox 637 2108 1670 2152; baseline 0.003 -9"><span class='ocrx_word' id='word_1_169' title='bbox 637 2109 793 2152; x_wconf 85' lang='lat' dir='ltr'>Qualiter</span> <span class='ocrx_word' id='word_1_170' title='bbox 809 2109 913 2145; x_wconf 84' lang='lat' dir='ltr'>beato</span> <span class='ocrx_word' id='word_1_171' title='bbox 929 2109 1119 2144; x_wconf 90' lang='lat' dir='ltr'>Ambrosio</span> <span class='ocrx_word' id='word_1_172' title='bbox 1136 2108 1232 2144; x_wconf 89' lang='lat' dir='ltr'>idem</span> <span class='ocrx_word' id='word_1_173' title='bbox 1248 2108 1413 2145; x_wconf 87' lang='lat' dir='ltr'>transitus</span> <span class='ocrx_word' id='word_1_174' title='bbox 1431 2118 1482 2144; x_wconf 86' lang='lat' dir='ltr'>est</span> <span class='ocrx_word' id='word_1_175' title='bbox 1500 2117 1670 2147; x_wconf 86' lang='lat' dir='ltr'>ostensus.</span> 
     </span>
    </p>
   </div>
   <div class='ocr_carea' id='block_1_5' title="bbox 447 2206 1862 2501">
    <p class='ocr_par' dir='ltr' id='par_1_5' title="bbox 447 2206 1862 2501">
     <span class='ocr_line' id='line_1_24' title="bbox 514 2206 1862 2273; baseline 0.001 -20"><span class='ocrx_word' id='word_1_176' title='bbox 514 2209 584 2253; x_wconf 91' lang='lat' dir='ltr'>Eo</span> <span class='ocrx_word' id='word_1_177' title='bbox 603 2223 810 2271; x_wconf 88' lang='lat' dir='ltr'>namque</span> <span class='ocrx_word' id='word_1_178' title='bbox 830 2217 1047 2273; x_wconf 88' lang='lat' dir='ltr'>tempore</span> <span class='ocrx_word' id='word_1_179' title='bbox 1062 2207 1230 2255; x_wconf 88' lang='lat' dir='ltr'>beatus</span> <span class='ocrx_word' id='word_1_180' title='bbox 1250 2206 1543 2267; x_wconf 87' lang='lat' dir='ltr'>Ambrosius,</span> <span class='ocrx_word' id='word_1_181' title='bbox 1567 2208 1702 2270; x_wconf 90' lang='lat' dir='ltr'>cujus</span> <span class='ocrx_word' id='word_1_182' title='bbox 1718 2207 1862 2256; x_wconf 91' lang='lat' dir='ltr'>hodie</span> 
     </span>
     <span class='ocr_line' id='line_1_25' title="bbox 450 2283 1862 2350; baseline 0.001 -20"><span class='ocrx_word' id='word_1_183' title='bbox 450 2283 590 2331; x_wconf 82' lang='lat' dir='ltr'>flores</span> <span class='ocrx_word' id='word_1_184' title='bbox 616 2284 791 2348; x_wconf 90' lang='lat' dir='ltr'>eloquii</span> <span class='ocrx_word' id='word_1_185' title='bbox 816 2302 900 2350; x_wconf 88' lang='lat' dir='ltr'>per</span> <span class='ocrx_word' id='word_1_186' title='bbox 923 2295 1074 2332; x_wconf 88' lang='lat' dir='ltr'>totam</span> <span class='ocrx_word' id='word_1_187' title='bbox 1100 2285 1345 2332; x_wconf 89' lang='lat' dir='ltr'>ecclesiam</span> <span class='ocrx_word' id='word_1_188' title='bbox 1370 2284 1603 2345; x_wconf 86' lang='lat' dir='ltr'>redolent,</span> <span class='ocrx_word' id='word_1_189' title='bbox 1631 2285 1862 2333; x_wconf 87' lang='lat' dir='ltr'>Mediola-</span> 
     </span>
     <span class='ocr_line' id='line_1_26' title="bbox 447 2362 1859 2428; baseline 0.003 -21"><span class='ocrx_word' id='word_1_190' title='bbox 447 2363 583 2408; x_wconf 89' lang='lat' dir='ltr'>nensi</span> <span class='ocrx_word' id='word_1_191' title='bbox 608 2363 781 2410; x_wconf 83' lang='lat' dir='ltr'>civitati</span> <span class='ocrx_word' id='word_1_192' title='bbox 810 2373 1008 2428; x_wconf 85' lang='lat' dir='ltr'>praeerat</span> <span class='ocrx_word' id='word_1_193' title='bbox 1034 2364 1303 2428; x_wconf 89' lang='lat' dir='ltr'>episcopus.</span> <span class='ocrx_word' id='word_1_194' title='bbox 1330 2364 1418 2409; x_wconf 90' lang='lat' dir='ltr'>Cui</span> <span class='ocrx_word' id='word_1_195' title='bbox 1447 2362 1722 2410; x_wconf 87' lang='lat' dir='ltr'>celebrandi</span> <span class='ocrx_word' id='word_1_196' title='bbox 1747 2364 1859 2411; x_wconf 85' lang='lat' dir='ltr'>festa</span> 
     </span>
     <span class='ocr_line' id='line_1_27' title="bbox 448 2438 1861 2501; baseline 0.002 -16"><span class='ocrx_word' id='word_1_197' title='bbox 448 2438 699 2487; x_wconf 82' lang='lat' dir='ltr'>dominicae</span> <span class='ocrx_word' id='word_1_198' title='bbox 720 2440 814 2487; x_wconf 88' lang='lat' dir='ltr'>diei</span> <span class='ocrx_word' id='word_1_199' title='bbox 836 2441 923 2488; x_wconf 89' lang='lat' dir='ltr'>ista</span> <span class='ocrx_word' id='word_1_200' title='bbox 945 2452 1045 2489; x_wconf 87' lang='lat' dir='ltr'>erat</span> <span class='ocrx_word' id='word_1_201' title='bbox 1067 2440 1388 2501; x_wconf 87' lang='lat' dir='ltr'>consuetudo,</span> <span class='ocrx_word' id='word_1_202' title='bbox 1416 2451 1467 2488; x_wconf 90' lang='lat' dir='ltr'>ut</span> <span class='ocrx_word' id='word_1_203' title='bbox 1490 2442 1686 2488; x_wconf 85' lang='lat' dir='ltr'>veniens</span> <span class='ocrx_word' id='word_1_204' title='bbox 1711 2441 1861 2488; x_wconf 85' lang='lat' dir='ltr'>lector</span> 
     </span>
    </p>
   </div>
   <div class='ocr_carea' id='block_1_6' title="bbox 445 2520 1858 2661">
    <p class='ocr_par' dir='ltr' id='par_1_6' title="bbox 445 2520 1858 2661">
     <span class='ocr_line' id='line_1_28' title="bbox 446 2520 1858 2585; baseline 0.002 -21"><span class='ocrx_word' id='word_1_205' title='bbox 446 2535 557 2565; x_wconf 89' lang='lat' dir='ltr'>cum</span> <span class='ocrx_word' id='word_1_206' title='bbox 596 2520 718 2567; x_wconf 85' lang='lat' dir='ltr'>libro</span> <span class='ocrx_word' id='word_1_207' title='bbox 756 2537 841 2566; x_wconf 92' lang='lat' dir='ltr'>suo</span> <span class='ocrx_word' id='word_1_208' title='bbox 871 2538 970 2568; x_wconf 90' lang='lat' dir='ltr'>non</span> <span class='ocrx_word' id='word_1_209' title='bbox 1007 2528 1145 2569; x_wconf 84' lang='lat' dir='ltr'>antea</span> <span class='ocrx_word' id='word_1_210' title='bbox 1183 2521 1338 2585; x_wconf 86' lang='lat' dir='ltr'>legere</span> <span class='ocrx_word' id='word_1_211' title='bbox 1371 2530 1675 2585; x_wconf 76' lang='lat' dir='ltr'>praesumeret</span> <span class='ocrx_word' id='word_1_212' title='bbox 1714 2537 1858 2584; x_wconf 87' lang='lat' dir='ltr'>quam</span> 
     </span>
     <span class='ocr_line' id='line_1_29' title="bbox 445 2597 1858 2661; baseline 0.002 -19"><span class='ocrx_word' id='word_1_213' title='bbox 445 2606 633 2643; x_wconf 86' lang='lat' dir='ltr'>sanctus</span> <span class='ocrx_word' id='word_1_214' title='bbox 669 2607 789 2644; x_wconf 91' lang='lat' dir='ltr'>nutu</span> <span class='ocrx_word' id='word_1_215' title='bbox 823 2598 1051 2661; x_wconf 86' lang='lat' dir='ltr'>jussisset.</span> <span class='ocrx_word' id='word_1_216' title='bbox 1090 2602 1283 2646; x_wconf 87' lang='lat' dir='ltr'>Factum</span> <span class='ocrx_word' id='word_1_217' title='bbox 1318 2607 1389 2645; x_wconf 91' lang='lat' dir='ltr'>est</span> <span class='ocrx_word' id='word_1_218' title='bbox 1417 2607 1577 2645; x_wconf 86' lang='lat' dir='ltr'>autem</span> <span class='ocrx_word' id='word_1_219' title='bbox 1610 2608 1659 2644; x_wconf 85' lang='lat' dir='ltr'>ut</span> <span class='ocrx_word' id='word_1_220' title='bbox 1684 2597 1760 2644; x_wconf 88' lang='lat' dir='ltr'>illa</span> <span class='ocrx_word' id='word_1_221' title='bbox 1782 2597 1858 2645; x_wconf 91' lang='lat' dir='ltr'>die</span> 
     </span>
    </p>
   </div>
   <div class='ocr_carea' id='block_1_7' title="bbox 490 2810 1205 2864">
    <p class='ocr_par' dir='ltr' id='par_1_7' title="bbox 490 2810 1205 2864">
     <span class='ocr_line' id='line_1_30' title="bbox 490 2810 1205 2864; baseline 0.01 -17"><span class='ocrx_word' id='word_1_222' title='bbox 490 2810 546 2864; x_wconf 84' lang='lat'>(1)</span> <span class='ocrx_word' id='word_1_223' title='bbox 566 2813 685 2859; x_wconf 69' lang='lat'>2204,</span> <span class='ocrx_word' id='word_1_224' title='bbox 708 2812 836 2852; x_wconf 86' lang='lat' dir='ltr'>Cl.-F.</span> <span class='ocrx_word' id='word_1_225' title='bbox 858 2821 896 2851; x_wconf 87' lang='lat' dir='ltr'>et</span> <span class='ocrx_word' id='word_1_226' title='bbox 913 2813 978 2851; x_wconf 83' lang='lat' dir='ltr'>alii</span> <span class='ocrx_word' id='word_1_227' title='bbox 998 2828 1078 2852; x_wconf 82' lang='lat' dir='ltr'>cum</span> <span class='ocrx_word' id='word_1_228' title='bbox 1100 2813 1205 2854; x_wconf 78' lang='lat' dir='ltr'>libro.</span> 
     </span>
    </p>
   </div>
  </div>
 </body>
</html>
