2028 3458
432 325 510 361 214
627 323 693 359 DE
720 321 1016 359 VIRTUTIBUS
1042 319 1216 358 SANCTI
1243 319 1468 356 MARTINI.
1490 339 1539 346 -
1562 319 1632 357 111.

433 412 724 477 impletoque
743 410 882 457 bonae
900 409 1252 457 deliberationis
1275 418 1410 467 voto,
1437 424 1521 473 pes
1542 407 1658 471 ejus,
1675 407 1757 471 qui
1777 407 1843 453 ef-

432 489 590 537 fractis
626 487 810 534 ossibus
832 487 984 534 suerat
1006 485 1263 544 breviatus,
1289 495 1359 532 est
1390 486 1654 549 elongatus.
1683 487 1738 530 Et
1761 483 1845 547 qui

431 575 539 613 ante
558 582 586 613 a
610 565 802 612 duobus
818 565 979 630 pueris
998 573 1284 610 sustentatus
1300 563 1414 620 ibat,
1431 580 1562 610 nunc
1585 564 1685 609 sine
1706 562 1845 609 ullius

431 642 640 690 hominis
662 642 973 701 adminiculo,
999 657 1096 705 quo
1118 640 1340 702 voluerit,
1366 640 1545 704 absque
1572 640 1732 704 aliquo
1756 638 1841 685 de—

429 720 623 768 bilitatis
647 720 991 786 impedimento
1016 718 1253 766 discurrit.

996 889 1151 924 CAPUT
1176 888 1276 924 XVI.

944 990 996 1023 De
1016 1000 1107 1023 caeco
1123 988 1335 1023 illuminato.

498 1112 610 1156 Post
643 1109 744 1156 haec
777 1108 1004 1173 puerulus
1039 1108 1236 1172 quidam
1269 1125 1325 1155 ex
1356 1108 1662 1155 Lemovicino
1696 1124 1847 1156 caecus

432 1184 708 1244 adveniens,
734 1187 897 1233 lumen
922 1187 1100 1252 recepit
1121 1186 1375 1234 oculorum
1398 1186 1492 1232 hoc
1515 1186 1680 1232 modo.
1710 1188 1846 1232 Anno

433 1263 574 1310 tertio
623 1263 878 1310 nativitatis
926 1280 1020 1310 suae
1063 1281 1174 1310 cum
1209 1264 1309 1327 jam
1359 1279 1571 1327 gressum
1616 1263 1848 1328 incipiens

432 1340 593 1404 figere,
621 1351 998 1406 erumpenteque
1023 1342 1187 1405 lingua
1222 1342 1269 1387 in
1303 1341 1461 1388 verbis
1491 1340 1626 1387 labra
1647 1341 1843 1400 laxaret,

433 1417 551 1464 dum
572 1419 711 1465 matri
736 1418 903 1465 alludit
920 1418 1115 1477 blande,
1137 1418 1254 1465 dum
1267 1419 1428 1465 oscula
1444 1417 1574 1478 libat,
1590 1418 1705 1465 dum
1721 1418 1846 1465 collo

435 1495 538 1559 ejus
569 1495 874 1561 appenditur,
900 1495 1016 1542 dum
1036 1496 1084 1542 in
1103 1496 1227 1543 ulnis
1246 1495 1474 1553 defertur,
1498 1505 1741 1542 commota
1762 1511 1847 1559 per

434 1571 778 1618 immissionem
803 1571 1106 1631 diabolicam,
1130 1572 1177 1619 vi
1199 1572 1329 1618 venti
1353 1571 1508 1636 pulvis
1527 1588 1554 1619 a
1583 1581 1707 1618 terra
1732 1588 1844 1617 cum

434 1648 582 1713 paleis
605 1650 832 1710 elevatur,
859 1659 906 1696 et
925 1666 1069 1714 super
1091 1665 1293 1714 puerum
1317 1648 1378 1695 ad
1403 1658 1606 1695 matrem
1623 1649 1723 1710 ejus
1736 1664 1848 1694 cum

434 1741 610 1788 magno
628 1725 819 1772 turbine
843 1725 991 1774 fertur
1018 1744 1028 1772 ε
1068 1725 1152 1773 sed
1172 1726 1345 1772 rustica
1365 1725 1536 1771 mulier
1567 1735 1614 1771 et
1637 1725 1846 1784 incauta,

434 1819 534 1849 non
570 1812 738 1850 tractat
770 1820 820 1850 se
855 1802 1101 1867 filiumque
1130 1802 1385 1850 Salvatoris
1423 1802 1596 1849 vexillo
1630 1803 1844 1862 munire,

436 1878 643 1943 ideoque
666 1879 1031 1945 praevalentibus
1055 1880 1237 1927 insidiis
1272 1879 1399 1927 oculi
1435 1879 1748 1926 adolescentis
1779 1896 1851 1926 re·

436 1957 551 2020 pleti
573 1956 769 2021 pulvere
790 1957 1090 2005 obserantur.
1124 1959 1218 2016 Qui
1240 1958 1325 2005 diu
1346 1958 1627 2016 vociferans,
1654 1958 1848 2004 tandem

437 2035 676 2098 mitigatus
715 2051 743 2082 a
776 2045 926 2082 matre
958 2034 1219 2101 permansit
1253 2052 1418 2082 caecus.
1447 2035 1647 2082 Adultus
1689 2045 1849 2081 autem

439 2109 579 2157 datus
619 2121 690 2158 est
736 2110 985 2172 mendicis,
1042 2121 1094 2158 ut
1137 2112 1211 2158 vel
1240 2127 1352 2158 cum
1385 2111 1564 2158 eisdem
1601 2110 1851 2158 ambulans

440 2187 665 2251 stipendii
719 2187 951 2251 quiddam
995 2188 1248 2252 acciperet.
1298 2190 1443 2234 Erant
1485 2196 1643 2234 autem
1679 2203 1849 2252 paren-

441 2272 509 2310 tes
531 2263 633 2326 ejus
659 2264 793 2311 valde
818 2281 1063 2329 pauperes.
1093 2265 1237 2327 Igitur
1277 2264 1565 2312 duodecimo
1598 2266 1817 2312 caecitatis
1838 2268 1849 2289 ¹

439 2357 533 2388 suae
570 2357 717 2399 anno,
752 2342 945 2389 advenit
977 2342 1178 2389 Turonis
1215 2352 1324 2389 ante
1357 2341 1484 2388 diem
1517 2342 1847 2401 solemnitatis,

439 2435 534 2482 qua
571 2421 698 2465 Deus
745 2428 879 2483 pater
922 2418 1133 2466 Verbum
1180 2420 1309 2466 carni
1355 2419 1622 2483 glutinans,
1666 2418 1851 2466 mundo

440 2495 639 2542 salutem
679 2496 872 2542 invexit.
907 2498 1118 2543 Decursa
1159 2505 1319 2543 autem
1360 2497 1617 2543 festivitatis
1661 2496 1847 2559 vigilia,

440 2571 556 2619 dum
580 2572 912 2620 recedentibus
936 2572 1038 2620 aliis
1060 2573 1138 2619 hic
1161 2573 1219 2620 ad
1242 2573 1387 2638 pedes
1418 2575 1563 2621 sancti
1594 2573 1851 2622 decubaret

493 2807 546 2854 (Ἰ)
564 2805 663 2843 Clar.
678 2833 689 2852 ‚
710 2809 929 2843 nativitatis.
952 2805 1073 2853 Editi,
1102 2809 1234 2843 matis.
1260 2804 1340 2857 (R.)
