2028 3458
360 283 437 322 168
578 283 643 320 DE
674 282 969 321 VIRTUTIBUS
995 282 1169 321 SANCTI
1198 282 1423 323 MARTIM.
1444 304 1495 311 -—
1514 284 1566 321 ΙΙ,

912 397 1069 434 CAPUT
1092 399 1206 434 XLV.

791 483 843 517 De
858 481 1001 517 duobus
1018 483 1176 529 puerulis
1192 483 1334 521 sanatis.

422 579 561 645 Apud
586 578 967 627 Vultaconnum¹
993 595 1190 643 quoque
1218 580 1379 627 vicum
1404 579 1774 638 Pictavensem',

355 659 473 705 dum
497 658 596 705 duo
620 656 809 724 pueruli
831 666 974 704 nocte
997 656 1241 718 dominica
1261 657 1310 704 in
1325 673 1424 704 uno
1449 666 1597 705 stratu
1621 656 1780 721 quies-

356 746 550 796 cerent,
578 736 736 783 visum
772 744 842 783 est
880 734 948 782 eis
980 734 1118 799 quasi
1147 735 1339 798 signum
1370 734 1505 798 quod
1538 733 1782 782 matutinis

355 815 652 862 commoveri
688 813 809 861 solet
849 822 1104 861 sonantem
1141 813 1413 872 audissent;
1455 821 1503 860 et
1536 821 1784 875 surgentes

357 889 418 938 de
442 891 588 938 cubili
620 907 727 951 suo,
763 890 1043 938 direxerunt
1080 888 1142 936 ad
1176 889 1444 937 ecclesiam.
1483 891 1701 952 Cumque
1733 888 1783 933 in

357 967 530 1015 atrium
584 967 794 1015 ecclesiae
846 966 1205 1032 pervenissent,
1265 966 1556 1015 invenerunt
1607 964 1787 1011 ibidem

358 1044 536 1093 choros
563 1046 820 1093 mulierum
843 1046 1139 1093 canentium.
1179 1045 1497 1110 Exterritique
1518 1043 1678 1103 valde,
1701 1059 1786 1089 co-

359 1134 643 1186 gnoscentes
667 1133 909 1171 catervam
931 1139 1033 1171 esse
1056 1122 1428 1182 daemoniorum,
1455 1122 1574 1170 dum
1598 1120 1660 1168 ad
1684 1129 1789 1167 ter-

359 1215 464 1247 ram
493 1210 742 1262 corruunt,
771 1217 862 1248 nec
890 1217 958 1261 se,
989 1210 1041 1248 ut
1069 1210 1140 1248 est
1170 1201 1320 1249 aetatis
1352 1199 1622 1259 infirmitas,
1649 1198 1787 1260 signo

361 1278 556 1327 salutari
575 1282 921 1346 praemuniunt,
948 1298 1075 1328 unus
1097 1281 1300 1340 lumine,
1326 1280 1447 1328 alius
1470 1289 1517 1326 et
1535 1277 1720 1326 lumine
1742 1286 1789 1323 et

365 1374 526 1420 gressu
560 1359 834 1407 mulctatur.
875 1360 1094 1422 Cumque
1128 1374 1215 1423 per
1257 1356 1520 1405 multorum
1546 1371 1789 1404 annorum

364 1435 601 1483 curricula
623 1436 671 1482 in
698 1435 772 1483 his
797 1434 1153 1483 infirmitatibus
1169 1445 1510 1500 gravarentur3
1536 1450 1682 1491 unus,
1709 1432 1792 1496 qui

366 1522 554 1560 tantum
587 1513 768 1560 lumine
795 1522 1030 1571 caruerat,
1064 1513 1129 1561 ad
1159 1513 1286 1561 beati
1319 1512 1511 1560 Martini
1545 1510 1795 1558 basilicam

367 1589 543 1638 devote
565 1591 779 1652 veniens,
806 1600 863 1639 ut
889 1591 1158 1638 orationem
1189 1590 1411 1656 explevit,
1446 1589 1607 1636 statim
1638 1588 1796 1635 visum

370 1669 566 1733 recepit.
597 1669 741 1728 Alius,
769 1669 819 1715 in
854 1667 1028 1716 eodem
1050 1678 1219 1715 sancto
1243 1668 1353 1715 loco
1375 1666 1559 1714 lumine
1577 1675 1793 1729 recepto,

370 1744 431 1793 ad
471 1745 667 1811 propria
700 1745 914 1807 rediens,
949 1745 1109 1793 adhuc
1144 1745 1316 1792 debilis
1352 1742 1669 1792 claudicabat.
1703 1745 1798 1789 Ve-

371 1822 605 1886 niensque
642 1822 704 1870 ad
738 1822 959 1871 cellulam
996 1821 1378 1883 Condatensem,
1417 1822 1468 1869 in
1497 1837 1592 1884 qua
1622 1819 1799 1867 lectum

373 1899 501 1947 beati
525 1899 616 1947 viri
638 1899 863 1962 habetur,
890 1900 1009 1948 dum
1032 1899 1214 1947 ibidem
1240 1908 1383 1947 nocte
1405 1897 1652 1946 dominica
1672 1895 1801 1959 vigi-

373 1977 447 2025 liae
467 1977 842 2037 celebrarentur,
868 1977 1049 2039 subito,
1076 1986 1244 2024 orante
1272 1975 1474 2042 populo,
1501 1974 1651 2022 sensit
1680 1973 1803 2021 divi·

376 2071 491 2102 nam
512 2056 739 2103 virtutem
763 2054 946 2102 adesse.
979 2057 1038 2101 Et
1072 2063 1317 2119 spectante
1340 2053 1479 2119 plebe
1511 2069 1562 2099 se
1591 2068 1678 2117 per
1708 2060 1802 2098 ter-

378 2147 482 2179 ram
504 2131 723 2188 trahens,
753 2142 924 2179 contra
946 2132 1178 2197 parietem
1203 2147 1253 2178 se
1279 2131 1429 2178 erexit
1449 2131 1496 2177 in
1519 2145 1619 2194 quo
1645 2129 1802 2176 senes-

378 2217 452 2256 tra
474 2210 724 2269 retinetur,
751 2226 857 2273 quae
880 2208 968 2256 suit
987 2207 1236 2274 quondam
1258 2207 1386 2255 beati
1404 2207 1621 2272 corporis
1644 2214 1800 2271 porta.

381 2288 438 2332 Et
467 2301 610 2334 orans
629 2296 773 2351 atque
792 2303 888 2352 prae
907 2285 1085 2350 gaudio
1104 2285 1392 2350 lacrymans,
1410 2285 1604 2348 integrae
1617 2282 1807 2331 sanitati

438 2458 492 2504 (1)
514 2457 626 2503 Gat.,
653 2457 812 2505 (5334),
842 2458 1152 2500 Multaconmcm;
1175 2453 1299 2499 vict„
1326 2455 1629 2490 Multacomium.
1660 2448 1811 2489 Laudat

382 2522 553 2560 Valesius
572 2522 611 2559 in
621 2521 764 2559 Notitia
777 2534 977 2559 nummum
996 2518 1246 2558 Teudomeris
1261 2517 1478 2565 monetarii,
1492 2518 1532 2555 in
1548 2517 1657 2567 cujus
1674 2528 1810 2555 aversa

383 2592 493 2635 parte
523 2584 663 2636 legitur
683 2587 949 2625 Wuleacomzo.
974 2584 1054 2631 (R.)

435 2652 489 2698 (2)
509 2651 629 2698 2204,
641 2651 717 2691 478
730 2663 837 2701 sup„
853 2650 956 2687 5326
973 2648 1036 2686 hic
1053 2647 1195 2686 habent
1212 2656 1249 2686 et
1263 2646 1347 2685 aliis
1365 2646 1405 2684 in
1418 2645 1526 2694 locis,
1537 2645 1807 2684 Pectavensim.

382 2714 525 2753 Eadem
552 2713 666 2763 hujus
691 2714 858 2753 nominis
881 2714 1005 2753 forma
1028 2712 1182 2751 cuditur
1206 2711 1246 2751 in
1268 2710 1438 2751 nummis
1464 2709 1585 2749 aetatis
1612 2704 1808 2747 merovin-

383 2779 476 2830 gicae
495 2780 635 2833 quibus
653 2780 815 2834 legimus
834 2780 1067 2832 insculptum
1092 2795 1098 2818 ε
1121 2781 1318 2818 Pam-ms.
