2028 3458
455 327 532 364 254
660 328 726 363 DE
753 326 1045 363 VIRTUTIBUS
1073 326 1245 363 SANCTI
1274 327 1495 364 MARTINI.
1518 345 1568 354 --
1587 327 1657 363 111.

1018 459 1173 494 CAPUT
1198 460 1327 496 XLIX.

810 544 861 577 De
877 542 1070 590 paralytico
1090 543 1188 577 omni
1206 555 1356 590 corpore
1372 542 1499 580 debile.

518 629 570 672 In
596 626 685 672 hac
704 625 1000 673 solemnitate
1022 626 1214 674 advenit
1235 626 1459 691 puerulus
1488 626 1736 674 oculorum
1767 626 1863 673 ob—

442 704 631 750 tutibus
648 703 835 764 clausis,
863 704 1050 750 aurium
1072 703 1277 751 aditibus
1302 704 1550 768 oppilatis,
1577 704 1672 750 oris
1696 702 1863 749 offic-iis

453 781 724 841 obstructis,
748 797 980 828 manuum
1005 780 1168 828 usibus
1192 780 1405 845 perditis,
1427 781 1605 845 pedum
1628 779 1864 843 gressibus

451 857 798 904 condemnatis.
829 858 956 915 Quid
978 858 1147 923 plura?
1171 858 1235 905 ita
1257 867 1357 905 erat
1375 859 1591 905 omnium
1613 856 1863 903 membro-

451 951 559 980 rum
593 952 678 981 usu
711 945 1048 1000 praemortuus,
1077 945 1127 981 ut
1162 935 1265 982 solo
1301 935 1466 1000 spiritu
1501 934 1767 999 palpitaret.
1805 937 1865 979 Ut

452 1021 610 1059 autem
634 1012 793 1059 locum
816 1023 1033 1060 sanctum
1057 1013 1221 1076 attigit,
1250 1012 1383 1058 omni
1408 1029 1603 1076 prorsus
1626 1010 1864 1058 debilitate

452 1090 692 1150 submota,
719 1107 829 1137 cum
851 1091 1106 1153 gratiarum
1127 1090 1312 1137 actione
1334 1106 1475 1137 sanus
1495 1089 1731 1137 abscessit.

1038 1225 1192 1259 CAPUT
1220 1226 1260 1259 L.

818 1309 869 1341 De
890 1308 1094 1355 presbytero
1112 1321 1132 1342 a
1151 1307 1341 1354 frigoribus
1357 1315 1491 1343 sanato.

520 1392 677 1455 Lupus
703 1391 1062 1455 Burdegalensis
1090 1391 1220 1438 urbis
1241 1391 1487 1456 presbyter
1508 1390 1719 1455 quodam
1743 1399 1865 1436 tem-

451 1483 568 1531 pore
587 1469 788 1530 graviter
810 1485 838 1515 a
860 1479 1097 1532 quartano
1119 1479 1234 1534 typo
1259 1469 1518 1516 vexabatur
1532 1504 1544 1528 ,
1571 1469 1636 1515 ita
1659 1477 1710 1514 ut
1732 1484 1863 1514 acce-

451 1548 592 1595 dente
613 1549 758 1607 febre,
787 1567 943 1614 neque
966 1551 1146 1610 cibum,
1169 1568 1325 1615 neque
1348 1561 1520 1615 potum
1541 1566 1729 1596 sumere
1752 1565 1865 1613 pos-

450 1635 539 1672 set.
565 1629 746 1673 Interea
769 1627 962 1674 advenit
986 1628 1207 1675 festivitas
1234 1628 1382 1674 sancti
1416 1627 1601 1674 Martini
1625 1627 1862 1673 antistitis.

451 1705 512 1750 At
534 1703 612 1750 ille
635 1703 881 1751 celebratis
897 1721 1007 1751 cum
1031 1705 1214 1770 reliquo
1232 1705 1359 1752 clero
1384 1705 1568 1769 vigiliis,
1593 1720 1732 1750 mane
1754 1720 1867 1768 prae·

450 1781 576 1828 cedit
599 1798 767 1828 omnes
790 1791 838 1829 et
859 1782 920 1828 ad
944 1782 1187 1830 basilicam
1210 1783 1357 1830 sancti
1390 1782 1591 1829 festinat.
1632 1783 1758 1827 Dum
1782 1796 1865 1826 au-

452 1868 547 1905 tem
578 1870 831 1925 properat,
858 1860 1054 1909 obvium
1087 1862 1257 1909 habuit
1288 1861 1522 1920 Judaeum,
1548 1870 1594 1907 et
1626 1876 1684 1906 eo
1710 1859 1860 1922 inqui—

451 1949 585 1986 rente
613 1956 711 2003 quo
745 1951 981 2005 pergeret,
1009 1942 1254 2007 respondit
1283 1960 1292 1987 :
1324 1962 1346 1984 «
1372 1945 1555 2006 Typum
1579 1949 1866 2004 quartanum

450 2015 645 2070 incurri,
671 2027 718 2063 et
750 2034 879 2064 nunc
911 2018 971 2064 ad
1008 2018 1249 2065 basilicam
1279 2019 1428 2066 sancti
1461 2033 1685 2082 propero,
1716 2026 1767 2062 ut
1791 2031 1866 2061 me

451 2092 599 2139 virtus
635 2094 736 2156 ejus
773 2093 833 2140 ab
870 2094 1142 2142 infirmitate
1183 2096 1272 2142 hac
1305 2095 1541 2142 discutiat.
1578 2113 1601 2138 »
1638 2093 1730 2151 Qui
1763 2092 1861 2139 ait:

456 2187 479 2211 κ
507 2171 737 2216 Martinus
766 2171 851 2217 tibi
874 2171 992 2218 nihil
1015 2173 1245 2237 proderit,
1273 2190 1417 2237 quern
1442 2183 1566 2219 terra
1589 2172 1866 2236 opprimens

453 2254 661 2293 terreum
685 2247 808 2308 fecit,
834 2257 879 2295 et
902 2258 953 2295 tu
977 2250 1213 2296 incassum
1236 2250 1336 2312 ejus
1360 2249 1510 2296 aedem
1534 2248 1729 2313 expetis.
1759 2250 1863 2293 Non

452 2323 580 2368 enim
595 2324 771 2388 poterit
786 2334 1000 2371 mortuus
1016 2325 1282 2372 viventibus
1296 2326 1503 2373 tribuere
1521 2325 1824 2372 medicinam.
1840 2344 1862 2366 »

451 2402 509 2445 At
543 2399 619 2446 ille
643 2400 908 2466 despiciens
934 2402 1080 2449 verba
1115 2404 1344 2467 serpentis
1376 2403 1585 2466 antiqui,
1620 2401 1733 2449 abiit
1769 2417 1866 2464 quo

451 2488 678 2541 coeperat,
700 2488 746 2524 et
768 2489 1032 2542 prostratus
1064 2496 1226 2527 coram
1258 2481 1430 2527 sanctis
1460 2478 1741 2545 pignoribus
1763 2494 1868 2524 ora-

454 2554 633 2602 tionem
659 2555 804 2614 sudit,
830 2558 1097 2621 reperitque
1122 2558 1185 2605 ibi
1218 2554 1640 2606 duascandelulas
1670 2574 1725 2604 ex
1760 2572 1867 2603 cera

452 2645 497 2683 et
535 2653 717 2702 papyro
750 2638 989 2685 formatas.
1032 2640 1218 2696 Quibus
1259 2641 1537 2706 assumptis,
1571 2640 1632 2687 ad
1667 2639 1867 2686 domum

453 2713 662 2771 exhibet,
691 2715 1061 2781 illuminatisque
1085 2717 1167 2776 eis,
1192 2718 1394 2765 favillam
1420 2718 1586 2783 papyri
1609 2733 1718 2764 cum
1743 2730 1867 2779 aqua

453 2792 630 2839 munda
646 2792 818 2851 hausit,
835 2810 1040 2858 moxque
1054 2796 1300 2843 sanitatem
1316 2796 1508 2861 recepit.
1524 2794 1715 2842 Judaeus
1730 2809 1862 2851 vero,
