2028 3458
433 248 507 285 318
630 250 696 285 DE
724 249 1019 286 VIRTUTIBUS
1048 249 1220 287 SANCTI
1247 251 1471 288 MARTINI.
1497 272 1548 279 —-
1571 252 1636 290 IV.

428 337 744 384 ecclesiastico
783 336 1062 398 defendenS,
1098 337 1239 385 aliam
1275 338 1458 404 pepulit
1488 339 1537 386 in
1568 347 1779 404 partem,
1804 347 1852 385 et

429 415 496 462 sic
519 414 693 462 domus
712 413 919 461 ecclesiae
941 412 1142 462 liberata
1163 424 1248 462 est.

962 592 1119 627 CAPUT
1143 592 1323 627 XXXIII.

887 689 940 723 De
958 702 1070 736 puero
1090 702 1111 724 a
1127 689 1223 724 febre
1242 698 1376 725 sanato.

493 779 614 825 Cum
654 788 811 825 autem
847 795 968 843 puer
1008 780 1108 843 ejus
1146 780 1195 826 in
1235 778 1509 826 valetudine
1552 777 1853 825 acerbissima

429 855 557 903 febre
579 866 768 903 exustus
780 856 958 920 jaceret
978 857 1026 903 in
1051 856 1247 916 lectulo,
1274 866 1321 903 et
1340 856 1440 920 jam
1466 856 1602 919 quasi
1622 855 1852 902 exanimis

427 934 714 995 haberetur3
737 945 789 982 ut
812 935 871 982 de
893 935 988 982 hoc
1011 935 1209 1001 pulvere
1227 935 1379 982 diluto
1406 935 1616 999 porrexit
1638 933 1848 993 infirmO,

428 1012 647 1077 protinus
675 1013 831 1077 fugata
858 1012 988 1060 febre
1017 1030 1137 1078 puer
1164 1013 1408 1060 convaluit
1443 1012 1505 1059 de
1540 1011 1722 1059 labore.
1760 1010 1853 1058 Sed

429 1088 491 1136 ad
511 1088 757 1137 basilicam
775 1091 926 1137 sancti
948 1090 1216 1138 redeamus.

964 1258 1121 1294 CAPUT
1144 1258 1315 1295 XXXIV.

846 1353 898 1387 De
917 1352 1091 1388 Leodulfo
1108 1362 1246 1388 amente
1264 1362 1297 1387 et
1317 1352 1437 1387 debili.

497 1442 617 1487 Cum
649 1450 810 1487 autem
847 1449 957 1487 ante
983 1440 1073 1487 hos
1111 1456 1264 1486 annos
1296 1449 1429 1485 terrae
1459 1449 1619 1486 motus
1654 1454 1854 1502 magnus

432 1528 607 1566 terram
622 1527 915 1578 concuteret,
935 1527 1203 1580 cunctaque
1219 1515 1355 1562 valde
1375 1526 1699 1573 moverentur,
1718 1516 1853 1579 quasi

431 1596 479 1642 in
518 1612 618 1642 uno
650 1604 898 1642 momento
928 1610 1116 1655 casura,
1145 1593 1430 1641 Leodquus'
1461 1593 1659 1656 quidam
1698 1593 1758 1639 ab
1797 1609 1854 1640 eo

431 1680 740 1727 vehementer
758 1694 999 1739 excussus,
1024 1694 1123 1724 non
1141 1677 1298 1726 solum
1316 1693 1457 1724 sensu
1477 1677 1750 1736 mulctatur,
1772 1674 1856 1721 sed

432 1757 573 1804 etiam
605 1756 831 1804 omnibus
863 1754 1092 1802 membris
1114 1754 1283 1802 debilis
1316 1764 1385 1801 est
1418 1754 1628 1802 effectus.
1657 1754 1751 1810 Qui
1772 1769 1854 1799 ve-

432 1837 568 1883 niens
597 1835 657 1883 ad
682 1835 925 1883 basilicam
949 1833 1101 1881 sancti
1124 1833 1352 1892 Turonis,
1380 1842 1428 1879 et
1459 1832 1667 1879 orationi
1693 1831 1855 1896 paucis

432 1912 601 1960 diebus
624 1911 925 1967 incumbens,
955 1921 1001 1958 et
1020 1911 1128 1957 voci
1151 1910 1366 1957 redditur
1383 1918 1430 1956 et
1446 1909 1621 1970 sensui,
1641 1918 1689 1956 et
1707 1924 1856 1955 mem-

431 1991 531 2038 bris
553 1989 779 2037 omnibus
802 1989 937 2054 quasi
962 1988 1202 2036 redivivus
1224 2005 1389 2054 sospes
1411 1997 1481 2036 est
1503 1987 1733 2034 redditus.

977 2162 1134 2198 CAPUT
1159 2162 1314 2197 XXXV.

550 2259 604 2293 De
620 2257 766 2292 homine
784 2257 969 2298 innocente
984 2270 1049 2305 per
1065 2257 1280 2293 calumniam
1294 2264 1472 2299 accusato,
1491 2265 1525 2291 et
1540 2256 1689 2291 liberato
1705 2255 1733 2291 ⁸.

496 2353 593 2398 Nec
615 2349 734 2397 illud
757 2349 1214 2415 praetermittendum
1240 2358 1358 2414 puto
1374 2383 1386 2405 ‚
1413 2348 1546 2412 quod
1572 2349 1852 2395 innocenter

418 2427 583 2475 'homo
600 2438 845 2476 accusatus
857 2445 942 2493 per
961 2427 1224 2475 calumnias
1244 2428 1498 2489 malorum,
1523 2426 1852 2475 adducebatur

489 2625 543 2672 (1)
565 2625 611 2661 In
631 2635 720 2661 mss.
753 2621 949 2660 nonnullis
968 2621 1202 2670 Leudulsus;
1234 2621 1336 2659 unde
1363 2621 1478 2669 editi,
1507 2623 1733 2672 Lendulfus.
1770 2623 1849 2671 (R.)

432 2708 485 2717 —
507 2687 611 2725 5329
630 2685 850 2735 Leoduls‘uS.

489 2751 543 2800 (2)
562 2750 681 2800 2204,
700 2749 800 2788 3801
822 2750 881 2788 De
901 2748 1049 2787 homine
1067 2751 1199 2786 vinem.
