2028 3458
416 323 493 360 202
627 322 694 358 DE
722 320 1012 358 VIRTUTIBUS
1041 318 1214 357 SANCTI
1243 318 1468 356 MARTINI.
1491 337 1545 345 —
1564 318 1635 355 111.

415 408 515 455 bris
552 400 843 468 debilitatur,
888 416 935 454 et
973 407 1076 454 sine
1115 423 1199 473 spe
1239 423 1486 470 gressuum
1517 421 1546 453 a
1591 404 1721 452 febre
1756 420 1829 451 re-

414 485 659 548 linquitur,
699 486 775 531 cui
811 484 936 531 tibiae
975 501 1063 531 ceu
1103 484 1243 531 funes
1279 485 1465 531 intortae
1494 483 1699 549 separari
1731 498 1829 528 non

414 573 653 628 poterant.
687 566 796 609 Post
826 562 1086 609 discessum
1118 579 1234 609 vero
1270 562 1430 622 febris,
1460 561 1653 626 expetiit
1681 577 1706 607 a
1734 575 1831 624 pa-

414 640 645 700 rentibus,
669 649 723 686 ut
755 656 867 686 eum
893 639 954 686 ad
983 649 1193 687 sanctam
1222 638 1468 686 basilicam
1500 639 1827 703 deportarent.

413 719 569 774 Quem
591 715 854 762 exhibitum
875 715 1171 780 deponentes
1195 714 1256 761 ad
1291 714 1438 780 pedes
1460 716 1629 772 sancti,
1656 713 1831 760 oratio-

413 810 524 839 nem
551 793 748 854 faciunt,
766 803 818 839 ut
841 793 883 839 ei
899 793 1049 840 virtus
1074 792 1211 839 solita
1233 791 1526 839 subveniret.
1545 791 1698 839 Tertia
1716 806 1832 837 vero

414 870 492 918 die
527 887 639 917 cum
674 870 752 917 ille
786 870 862 917 vel
884 880 1105 935 parentes
1130 870 1232 933 ejus
1258 870 1307 916 in
1335 870 1552 916 oratione
1573 885 1629 915 ac
1647 867 1831 933 jejunio

412 947 743 1012 perdurarent,
774 958 939 995 exorto
964 947 1300 995 misericordiae
1321 947 1520 1007 lumine,
1546 946 1755 994 distortis
1777 945 1834 991 ti-

412 1024 520 1082 biis,
541 1041 568 1072 a
591 1024 868 1090 parentibus
890 1025 1143 1072 incolumIS
1166 1035 1237 1072 est
1253 1033 1489 1089 receptus.

987 1185 1144 1220 CAPUT
1169 1187 1255 1220 VII.

730 1272 784 1306 De
799 1284 841 1306 eo
857 1271 919 1318 qui
935 1271 1069 1307 clavem
1084 1271 1142 1306 die
1161 1271 1343 1306 dominico
1361 1272 1524 1307 faciebat.

479 1369 555 1415 Sic
577 1378 623 1415 et
638 1368 775 1428 alius,
801 1371 1003 1416 Senator
1027 1370 1249 1427 nomine,
1279 1369 1339 1416 de
1362 1371 1707 1428 Cracatonno¹,
1738 1370 1832 1413 An-

413 1442 667 1506 degavensi
701 1444 824 1504 vico,
857 1444 974 1490 dum
997 1444 1074 1491 die
1099 1444 1347 1491 dominico
1382 1445 1565 1491 clavem
1595 1443 1720 1500 facit,
1758 1442 1832 1488 di-

413 1521 496 1584 giti
527 1521 777 1568 ambarum
812 1538 1043 1568 manuum
1072 1523 1172 1585 ejus
1199 1531 1558 1580 contraxerunt,
1592 1519 1832 1583 unguibus

411 1598 460 1643 in
484 1597 693 1662 palmam
712 1598 893 1645 defixis.
918 1599 993 1645 Sic
1017 1599 1099 1662 qui
1117 1599 1290 1645 ostium
1309 1598 1520 1663 pandere
1536 1598 1706 1657 voluit,
1737 1614 1833 1644 ma-

412 1691 503 1721 nus
524 1692 730 1722 reserare
767 1693 867 1722 non
910 1686 1110 1740 poterat.
1142 1677 1326 1723 Dehinc
1356 1686 1562 1740 quatuor
1591 1674 1833 1721 mensibus

410 1753 600 1812 exactis,
608 1753 708 1816 jam
732 1752 972 1817 unguibus
997 1757 1045 1799 in
1067 1770 1209 1801 carne
1224 1753 1405 1810 defixis,
1421 1762 1833 1818 computrescente

410 1829 586 1892 palma,
611 1831 780 1877 auxilia
802 1831 993 1895 expetiit
1013 1831 1314 1892 confessoris,
1341 1842 1387 1878 et
1409 1849 1495 1896 per
1507 1841 1715 1895 quatuor
1735 1829 1833 1877 dies

411 1908 615 1954 orationi
641 1924 695 1954 ac
713 1909 895 1973 jejunio
911 1924 1101 1970 vacans,
1119 1925 1289 1956 manus
1311 1926 1448 1956 sanas
1472 1909 1677 1964 elevans,
1707 1909 1834 1953 inco-

410 1984 551 2032 lumis
576 1995 645 2033 est
667 2003 922 2050 regressus,
952 1986 1232 2034 collaudans
1261 1988 1488 2034 virtutem
1522 1986 1759 2045 antistitis,
1786 1994 1832 2031 et

412 2071 463 2107 ut
492 2061 651 2108 nullus
681 2063 1017 2126 aggrederetur
1042 2063 1176 2126 quod
1199 2064 1300 2128 ipse
1324 2071 1687 2127 praesumpserat
1711 2078 1832 2125 prae-

412 2137 618 2186 dicabat.

982 2281 1138 2316 CAPUT
1158 2282 1263 2316 VIII.

918 2366 970 2399 De
989 2374 1130 2400 mortuo
1149 2366 1329 2402 suscitato.

478 2464 546 2507 Eo
579 2470 794 2525 tempore
819 2476 918 2524 quo
952 2460 1064 2507 talia
1095 2461 1225 2525 apud
1250 2462 1421 2508 urbem
1439 2461 1726 2509 Turonicam
1751 2478 1830 2524 ge-

411 2538 658 2597 rebantur,
682 2538 819 2602 legati
842 2537 903 2583 de
929 2538 1182 2602 Hispaniis,
1207 2539 1255 2584 id
1294 2550 1363 2586 est
1384 2539 1649 2587 Florentius
1669 2550 1715 2587 et
1738 2543 1829 2585 Ex-

465 2673 519 2720 (1)
543 2671 603 2708 Sic
624 2683 757 2708 omnes
778 2684 887 2716 mss.,
906 2678 1045 2721 praeter
1069 2670 1176 2709 colb.
1203 2685 1241 2720 a,
1274 2673 1340 2724 qui
1376 2672 1491 2711 habet
1512 2676 1711 2712 Cratmmo.
1732 2670 1831 2709 Editi

411 2735 489 2774 duo
510 2739 761 2783 Cracotonno;
786 2737 903 2783 (5326
934 2737 989 2783 et)
1008 2736 1134 2788 Clict.,
1155 2741 1393 2780 Cratotonno‚
1419 2742 1497 2787 (R.)
1516 2761 1569 2768 —-
1584 2741 1827 2782 Cratatonrm,

412 2804 531 2851 5329,
552 2805 659 2855 Sag.‚
674 2817 759 2856 sup.
783 2807 875 2856 21³3,
895 2809 1019 2855 Cott.;
1043 2808 1424 2854 Cracato‹¹rio,5334;
1444 2809 1691 2854 Crataconm,
1709 2806 1826 2843 5335.
