2028 3458
517 290 566 326 -28
741 290 806 325 DE
834 287 1127 325 vnrrurlssus
1156 269 1335 324 smmi
1357 276 1582 326 MARTINI.
1606 310 1659 316 -
1677 290 1709 328 1.

1080 431 1238 468 CAPUT
1263 433 1352 470 VII.

959 530 1010 565 De
1028 528 1318 565 Theodemundo
1334 530 1346 551 ¹
1367 538 1481 569 muto.

578 627 844 675 Adveniens
880 626 1067 690 juvenis
1104 625 1330 691 quidam,
1373 626 1809 676 Theodemundus²
1848 646 1932 677 no-

511 706 656 766 mine,
686 703 914 752 audiendi
945 703 1275 769 loquendique
1310 703 1557 753 obstructo
1582 705 1745 766 adim,
1773 709 1932 771 quoti-

511 783 664 830 dianis
702 781 872 837 diebus
916 781 978 830 ad
1012 792 1227 830 sanctam
1266 782 1511 830 basilicam
1545 785 1846 847 recurrebat,
1885 797 1932 834 et

509 862 742 908 inclinans
782 876 832 907 se
869 860 932 908 ad
966 860 1262 922 orationem,
1302 859 1428 908 labia
1459 870 1646 908 tantum
1685 863 1926 911 movebat.

509 940 627 985 Nam
657 937 840 985 nullam
876 947 1062 1003 poterat
1085 955 1256 986 vocem
1289 938 1503 986 emittere
1535 955 1677 986 sensu
1710 941 1926 1005 integro,
1997 995 2004 998 ,

507 1015 591 1062 sed
608 1025 709 1063 erat
734 1016 958 1063 multatus
977 1016 1109 1063 vocis
1128 1015 1307 1063 officio.
1332 1017 1427 1074 Qui
1447 1026 1546 1063 tam
1565 1028 1789 1083 prompte
1808 1019 1933 1066 vide-

506 1093 648 1142 batur
671 1110 826 1155 orare,
848 1103 901 1140 ut
923 1094 1036 1141 flere
1058 1103 1335 1142 cerneretur
1355 1094 1478 1141 inter
1497 1095 1601 1160 ipsa
1621 1095 1763 1143 tacita
1784 1096 1930 1144 verba

506 1171 806 1236 plerumque.
834 1171 921 1219 Cui
946 1171 981 1218 si
1007 1173 1113 1237 quis
1138 1189 1228 1238 pro
1252 1171 1487 1220 mercedis
1509 1183 1726 1238 respectu
1751 1172 1931 1238 aliquid

507 1248 819 1313 eleemosynae
853 1249 1158 1310 contulisset,
1183 1249 1414 1297 continuo
1434 1249 1530 1297 hoc
1552 1250 1782 1298 similibus
1811 1267 1930 1316 pau-

506 1325 700 1391 peribus
726 1326 968 1390 erogabat,
994 1338 1042 1374 et
1073 1328 1246 1393 stipem
1277 1327 1339 1376 ab
1374 1328 1476 1376 aliis
1509 1337 1631 1375 nutu
1655 1328 1926 1394 postulans,

506 1404 740 1470 stipendia
777 1405 1101 1469 indigentibus
1135 1406 1428 1471 porrigebat.
1470 1409 1689 1471 Cumque
1730 1408 1779 1454 in
1820 1407 1929 1454 loco

506 1480 588 1527 illo
613 1491 778 1528 sancto
803 1482 851 1528 in
869 1482 959 1530 hac
979 1482 1238 1530 devotione
1254 1499 1340 1548 per
1363 1484 1505 1531 trium
1528 1500 1771 1532 annorum
1786 1485 1800 1508 ⁸
1821 1501 1930 1550 spa-

508 1559 571 1607 tia
600 1571 927 1608 commoratus
965 1561 1124 1608 fuisset
1158 1561 1368 1626 quadam
1403 1561 1481 1609 die
1513 1579 1541 1609 a
1574 1562 1733 1609 divina
1755 1563 1930 1627 pietate

506 1639 845 1701 commonitus,
867 1641 998 1687 venit
1021 1649 1133 1687 ante
1158 1650 1379 1687 sanctum
1399 1639 1570 1699 altare3
1597 1651 1642 1687 et
1667 1650 1796 1687 stans
1818 1657 1930 1687 ocu-

504 1713 560 1761 lis
579 1714 640 1762 ad
662 1717 837 1763 coelum
860 1717 1052 1765 elevatis
1076 1728 1123 1764 et
1147 1717 1372 1765 manibus
1387 1756 1398 1778 ‚
1427 1718 1584 1783 erupit
1605 1716 1666 1764 ab
1699 1733 1782 1763 ore
1804 1717 1929 1764 illius

504 1791 633 1839 rivus
656 1793 900 1856 sanguinis
924 1811 1036 1842 cum
1063 1795 1336 1860 putredine.
1364 1797 1422 1841 Et
1450 1810 1722 1859 conspuens
1746 1794 1793 1840 in
1825 1803 1928 1841 ter-

504 1885 606 1916 ram
622 1907 633 1929 ‚
659 1871 804 1936 coepit
827 1872 1032 1935 graviter
1055 1889 1245 1937 gemere
1273 1882 1320 1920 et
1341 1887 1561 1920 excreare
1585 1882 1744 1938 partes
1767 1872 1927 1918 nescio

504 1963 621 2010 quas
643 1963 755 1995 cum
776 1950 1022 2013 sanguine,
1052 1952 1116 1997 ita
1139 1959 1192 1996 ut
1214 1959 1463 2015 putaretur
1484 1948 1618 2013 quod
1642 1948 1813 2012 aliquis
1838 1948 1927 1995 ser-

504 2035 720 2072 ramento
745 2036 905 2090 guttur
944 2028 1046 2092 ejus
1086 2028 1334 2075 incideret.
1375 2026 1469 2075 Sed
1507 2037 1554 2074 et
1588 2025 1722 2074 tabes
1749 2042 1805 2073 ex
1844 2043 1927 2073 ore

503 2101 629 2150 illius
652 2114 877 2170 tanquam
910 2105 990 2154 fila
1019 2107 1282 2171 sanguinea
1315 2104 1637 2172 dependebat.
1677 2106 1809 2150 Tunc
1831 2103 1927 2151 dis-

504 2182 654 2246 ruptis
677 2184 864 2231 aurium
891 2201 946 2232 ac
968 2185 1177 2236 faucium
1199 2185 1437 2250 ligaturis,
1478 2183 1667 2231 elevans
1689 2200 1738 2230 se
1769 2193 1816 2230 et
1838 2183 1927 2229 eri-

504 2274 618 2322 gens
652 2260 825 2308 iterum
857 2263 1024 2312 oculos
1056 2274 1105 2311 et
1128 2280 1299 2312 manus
1330 2263 1392 2311 ad
1421 2262 1619 2320 coelum,
1650 2278 1734 2308 ore
1764 2260 1925 2308 adhuc

503 2346 702 2384 cruento
737 2338 785 2385 in
821 2337 948 2387 hanc
981 2341 1192 2406 primum
1214 2342 1390 2406 {vocem
1412 2339 1632 2406 prorupit
1658 2357 1668 2385 ε
1702 2338 1925 2385 «Gratias

509 2450 588 2461 t-——v

556 2516 613 2570 (ί)
631 2518 759 2560 c1.-F.
786 2522 1053 2575 The-otmundo,
1073 2533 1111 2564 et
1128 2524 1230 2564 infra
1252 2525 1572 2564 Theodemandas.

556 2582 612 2635 (2)
628 2586 748 2625 Laud.
767 2587 876 2628 Vino.
893 2592 1006 2630 Rom.
1029 2594 1119 2631 Bec.
1142 2592 1251 2632 Colb.
1275 2591 1353 2630 duo
1374 2591 1526 2644 (2204;
1552 2594 1672 2643 5229,
1696 2594 1815 2638 5334,
1836 2591 1917 2629 Orl.

505 2651 596 2700 292)
614 2653 824 2691 Adveniens
843 2659 1004 2707 quitiam
1031 2660 1360 2705 Theodomundus;
1392 2659 1480 2699 Gat.
1513 2659 1813 2698 Theodmundus.
1837 2655 1916 2709 (R).

501 2718 882 2770 —Duodcmundus,
905 2724 1023 2763 3801,

555 2781 613 2835 (3)
631 2784 713 2823 Bel.
734 2786 921 2827 horarum.
943 2788 1026 2843 (R.)
