<?xml version="1.0" encoding="UTF-8"?>
<!DOCTYPE html PUBLIC "-//W3C//DTD XHTML 1.0 Transitional//EN"
    "http://www.w3.org/TR/xhtml1/DTD/xhtml1-transitional.dtd">
<html xmlns="http://www.w3.org/1999/xhtml" xml:lang="en" lang="en">
 <head>
  <title>
</title>
<meta http-equiv="Content-Type" content="text/html;charset=utf-8" />
  <meta name='ocr-system' content='tesseract 3.04.00' />
  <meta name='ocr-capabilities' content='ocr_page ocr_carea ocr_par ocr_line ocrx_word'/>
</head>
<body>
  <div class='ocr_page' id='page_1' title='image "./leslivresdesmira02greguoft_0440.png"; bbox 0 0 2028 3458; ppageno 0'>
   <div class='ocr_carea' id='block_1_1' title="bbox 417 280 1470 324">
    <p class='ocr_par' dir='ltr' id='par_1_1' title="bbox 417 280 1470 324">
     <span class='ocr_line' id='line_1_1' title="bbox 417 280 1470 324; baseline -0.005 -1"><span class='ocrx_word' id='word_1_1' title='bbox 417 286 494 324; x_wconf 75' lang='lat'>4⁶24</span> <span class='ocrx_word' id='word_1_2' title='bbox 788 285 854 319; x_wconf 88' lang='lat' dir='ltr'>DE</span> <span class='ocrx_word' id='word_1_3' title='bbox 882 282 1072 319; x_wconf 80' lang='lat' dir='ltr'><strong>GLORIA</strong></span> <span class='ocrx_word' id='word_1_4' title='bbox 1100 280 1162 319; x_wconf 92' lang='lat' dir='ltr'>CO</span> <span class='ocrx_word' id='word_1_5' title='bbox 1168 281 1413 319; x_wconf 85' lang='lat' dir='ltr'><strong>NFESSORU</strong></span> <span class='ocrx_word' id='word_1_6' title='bbox 1419 282 1470 318; x_wconf 90' lang='grc' dir='ltr'>Μ.</span> 
     </span>
    </p>
   </div>
   <div class='ocr_carea' id='block_1_2' title="bbox 412 367 1846 2286">
    <p class='ocr_par' dir='ltr' id='par_1_2' title="bbox 412 367 1846 2286">
     <span class='ocr_line' id='line_1_2' title="bbox 415 367 1835 436; baseline -0.004 -16"><span class='ocrx_word' id='word_1_7' title='bbox 415 374 555 436; x_wconf 85' lang='lat' dir='ltr'>tigre¹</span> <span class='ocrx_word' id='word_1_8' title='bbox 563 410 574 432; x_wconf 90' lang='lat'>,</span> <span class='ocrx_word' id='word_1_9' title='bbox 603 370 810 435; x_wconf 85' lang='lat' dir='ltr'>lapidem</span> <span class='ocrx_word' id='word_1_10' title='bbox 833 370 916 434; x_wconf 91' lang='lat' dir='ltr'>qui</span> <span class='ocrx_word' id='word_1_11' title='bbox 938 386 1081 433; x_wconf 86' lang='lat' dir='ltr'>super</span> <span class='ocrx_word' id='word_1_12' title='bbox 1105 369 1374 416; x_wconf 84' lang='lat' dir='ltr'>venerabile</span> <span class='ocrx_word' id='word_1_13' title='bbox 1395 369 1581 434; x_wconf 76' lang='lat' dir='ltr'>sepulcr</span> <span class='ocrx_word' id='word_1_14' title='bbox 1586 386 1666 415; x_wconf 90' lang='lat' dir='ltr'>um</span> <span class='ocrx_word' id='word_1_15' title='bbox 1689 367 1835 415; x_wconf 89' lang='lat' dir='ltr'>babe-</span> 
     </span>
     <span class='ocr_line' id='line_1_3' title="bbox 413 447 1836 511; baseline -0.003 -15"><span class='ocrx_word' id='word_1_16' title='bbox 413 450 570 509; x_wconf 81' lang='lat' dir='ltr'>batur,</span> <span class='ocrx_word' id='word_1_17' title='bbox 597 449 789 495; x_wconf 90' lang='lat' dir='ltr'>nemine</span> <span class='ocrx_word' id='word_1_18' title='bbox 811 447 1003 494; x_wconf 86' lang='lat' dir='ltr'>vidente</span> <span class='ocrx_word' id='word_1_19' title='bbox 1029 447 1272 511; x_wconf 85' lang='lat' dir='ltr'><strong>percussit.</strong></span> <span class='ocrx_word' id='word_1_20' title='bbox 1302 450 1372 494; x_wconf 92' lang='lat' dir='ltr'>De</span> <span class='ocrx_word' id='word_1_21' title='bbox 1394 464 1490 511; x_wconf 91' lang='lat' dir='ltr'>quo</span> <span class='ocrx_word' id='word_1_22' title='bbox 1515 462 1708 494; x_wconf 78' lang='lat' dir='ltr'>excussa</span> <span class='ocrx_word' id='word_1_23' title='bbox 1729 462 1836 511; x_wconf 90' lang='lat' dir='ltr'>par-</span> 
     </span>
     <span class='ocr_line' id='line_1_4' title="bbox 414 525 1834 590; baseline -0.003 -15"><span class='ocrx_word' id='word_1_24' title='bbox 414 529 554 576; x_wconf 86' lang='lat' dir='ltr'>ticula</span> <span class='ocrx_word' id='word_1_25' title='bbox 578 527 783 584; x_wconf 87' lang='lat' dir='ltr'>modica,</span> <span class='ocrx_word' id='word_1_26' title='bbox 807 537 1035 590; x_wconf 85' lang='lat' dir='ltr'><strong>tanquam</strong></span> <span class='ocrx_word' id='word_1_27' title='bbox 1057 542 1215 572; x_wconf 88' lang='lat' dir='ltr'>aeneus</span> <span class='ocrx_word' id='word_1_28' title='bbox 1238 525 1446 589; x_wconf 86' lang='lat' dir='ltr'>diriguit,</span> <span class='ocrx_word' id='word_1_29' title='bbox 1481 526 1545 573; x_wconf 86' lang='lat' dir='ltr'>ita</span> <span class='ocrx_word' id='word_1_30' title='bbox 1568 535 1619 573; x_wconf 89' lang='lat' dir='ltr'>ut</span> <span class='ocrx_word' id='word_1_31' title='bbox 1651 525 1834 572; x_wconf 88' lang='lat' dir='ltr'>nullum</span> 
     </span>
     <span class='ocr_line' id='line_1_5' title="bbox 415 603 1834 669; baseline -0.003 -17"><span class='ocrx_word' id='word_1_32' title='bbox 415 604 681 652; x_wconf 84' lang='lat' dir='ltr'><strong>membrum</strong></span> <span class='ocrx_word' id='word_1_33' title='bbox 704 612 863 669; x_wconf 89' lang='lat' dir='ltr'>posset</span> <span class='ocrx_word' id='word_1_34' title='bbox 886 603 1120 651; x_wconf 89' lang='lat' dir='ltr'>ullatenus</span> <span class='ocrx_word' id='word_1_35' title='bbox 1139 603 1370 667; x_wconf 89' lang='lat' dir='ltr'>judicare,</span> <span class='ocrx_word' id='word_1_36' title='bbox 1400 611 1481 650; x_wconf 92' lang='lat' dir='ltr'>aut</span> <span class='ocrx_word' id='word_1_37' title='bbox 1503 619 1673 650; x_wconf 85' lang='lat' dir='ltr'>vocem</span> <span class='ocrx_word' id='word_1_38' title='bbox 1697 603 1834 650; x_wconf 86' lang='lat' dir='ltr'>emit-</span> 
     </span>
     <span class='ocr_line' id='line_1_6' title="bbox 413 680 1835 747; baseline -0.001 -19"><span class='ocrx_word' id='word_1_39' title='bbox 413 693 529 730; x_wconf 85' lang='lat' dir='ltr'>tere.</span> <span class='ocrx_word' id='word_1_40' title='bbox 559 683 784 730; x_wconf 89' lang='lat' dir='ltr'>Videntes</span> <span class='ocrx_word' id='word_1_41' title='bbox 805 692 963 729; x_wconf 87' lang='lat' dir='ltr'>autem</span> <span class='ocrx_word' id='word_1_42' title='bbox 990 699 1101 728; x_wconf 88' lang='lat' dir='ltr'>eum</span> <span class='ocrx_word' id='word_1_43' title='bbox 1126 682 1263 747; x_wconf 88' lang='lat' dir='ltr'>pueri</span> <span class='ocrx_word' id='word_1_44' title='bbox 1285 681 1351 728; x_wconf 92' lang='lat' dir='ltr'>sic</span> <span class='ocrx_word' id='word_1_45' title='bbox 1363 681 1536 745; x_wconf 87' lang='lat' dir='ltr'>jacere,</span> <span class='ocrx_word' id='word_1_46' title='bbox 1562 680 1835 728; x_wconf 85' lang='lat' dir='ltr'>nesciebant</span> 
     </span>
     <span class='ocr_line' id='line_1_7' title="bbox 413 759 1835 825; baseline -0.003 -18"><span class='ocrx_word' id='word_1_47' title='bbox 413 761 529 825; x_wconf 91' lang='lat' dir='ltr'>quid</span> <span class='ocrx_word' id='word_1_48' title='bbox 566 761 610 807; x_wconf 90' lang='lat' dir='ltr'>ei</span> <span class='ocrx_word' id='word_1_49' title='bbox 642 760 890 807; x_wconf 85' lang='lat' dir='ltr'>evenisset.</span> <span class='ocrx_word' id='word_1_50' title='bbox 932 759 1172 806; x_wconf 83' lang='lat' dir='ltr'>Accedens</span> <span class='ocrx_word' id='word_1_51' title='bbox 1204 775 1318 806; x_wconf 90' lang='lat' dir='ltr'>vero</span> <span class='ocrx_word' id='word_1_52' title='bbox 1353 775 1478 805; x_wconf 89' lang='lat' dir='ltr'>unus</span> <span class='ocrx_word' id='word_1_53' title='bbox 1510 774 1696 816; x_wconf 87' lang='lat' dir='ltr'>eorum,</span> <span class='ocrx_word' id='word_1_54' title='bbox 1724 774 1835 804; x_wconf 89' lang='lat' dir='ltr'>cum</span> 
     </span>
     <span class='ocr_line' id='line_1_8' title="bbox 413 836 1837 903; baseline -0.004 -18"><span class='ocrx_word' id='word_1_55' title='bbox 413 856 524 885; x_wconf 91' lang='lat' dir='ltr'>eum</span> <span class='ocrx_word' id='word_1_56' title='bbox 559 837 917 903; x_wconf 83' lang='lat' dir='ltr'>interpellasset,</span> <span class='ocrx_word' id='word_1_57' title='bbox 956 836 1145 883; x_wconf 90' lang='lat' dir='ltr'>nullum</span> <span class='ocrx_word' id='word_1_58' title='bbox 1173 836 1234 884; x_wconf 90' lang='lat' dir='ltr'>ab</span> <span class='ocrx_word' id='word_1_59' title='bbox 1256 836 1426 883; x_wconf 91' lang='lat' dir='ltr'>eodem</span> <span class='ocrx_word' id='word_1_60' title='bbox 1454 851 1736 900; x_wconf 88' lang='lat' dir='ltr'>responsum</span> <span class='ocrx_word' id='word_1_61' title='bbox 1761 851 1837 881; x_wconf 87' lang='lat' dir='ltr'>ac-</span> 
     </span>
     <span class='ocr_line' id='line_1_9' title="bbox 412 912 1837 981; baseline -0.003 -19"><span class='ocrx_word' id='word_1_62' title='bbox 412 917 553 981; x_wconf 84' lang='lat' dir='ltr'>cepit.</span> <span class='ocrx_word' id='word_1_63' title='bbox 582 918 713 962; x_wconf 89' lang='lat' dir='ltr'>Tunc</span> <span class='ocrx_word' id='word_1_64' title='bbox 748 915 853 977; x_wconf 91' lang='lat' dir='ltr'>ille,</span> <span class='ocrx_word' id='word_1_65' title='bbox 881 925 934 962; x_wconf 90' lang='lat' dir='ltr'>ut</span> <span class='ocrx_word' id='word_1_66' title='bbox 957 925 1058 962; x_wconf 88' lang='lat' dir='ltr'>erat</span> <span class='ocrx_word' id='word_1_67' title='bbox 1089 914 1296 979; x_wconf 86' lang='lat' dir='ltr'>rigidus,</span> <span class='ocrx_word' id='word_1_68' title='bbox 1324 915 1371 960; x_wconf 94' lang='lat' dir='ltr'>in</span> <span class='ocrx_word' id='word_1_69' title='bbox 1397 913 1542 960; x_wconf 88' lang='lat' dir='ltr'>corde</span> <span class='ocrx_word' id='word_1_70' title='bbox 1571 912 1837 976; x_wconf 85' lang='lat' dir='ltr'>intelligens</span> 
     </span>
     <span class='ocr_line' id='line_1_10' title="bbox 412 980 1837 1057; baseline -0.004 -16"><span class='ocrx_word' id='word_1_71' title='bbox 412 1011 462 1041; x_wconf 92' lang='lat' dir='ltr'>se</span> <span class='ocrx_word' id='word_1_72' title='bbox 486 994 794 1050; x_wconf 87' lang='lat' dir='ltr'>damnatum,</span> <span class='ocrx_word' id='word_1_73' title='bbox 827 994 959 1040; x_wconf 88' lang='lat' dir='ltr'>vovit</span> <span class='ocrx_word' id='word_1_74' title='bbox 977 980 1171 1040; x_wconf 57' lang='lat' dir='ltr'>dicens&#39;:</span> <span class='ocrx_word' id='word_1_75' title='bbox 1204 1012 1226 1037; x_wconf 89' lang='lat'>«</span> <span class='ocrx_word' id='word_1_76' title='bbox 1255 993 1363 1040; x_wconf 90' lang='lat' dir='ltr'>Scio</span> <span class='ocrx_word' id='word_1_77' title='bbox 1392 1009 1468 1039; x_wconf 89' lang='lat' dir='ltr'>me</span> <span class='ocrx_word' id='word_1_78' title='bbox 1494 1001 1837 1057; x_wconf 85' lang='lat' dir='ltr'>praesumptuo-</span> 
     </span>
     <span class='ocr_line' id='line_1_11' title="bbox 412 1069 1841 1132; baseline -0.002 -14"><span class='ocrx_word' id='word_1_79' title='bbox 412 1089 517 1118; x_wconf 91' lang='lat' dir='ltr'>sum</span> <span class='ocrx_word' id='word_1_80' title='bbox 541 1071 788 1132; x_wconf 83' lang='lat' dir='ltr'>exstitisse,</span> <span class='ocrx_word' id='word_1_81' title='bbox 816 1071 1087 1118; x_wconf 85' lang='lat' dir='ltr'>beatissime</span> <span class='ocrx_word' id='word_1_82' title='bbox 1110 1071 1371 1131; x_wconf 83' lang='lat' dir='ltr'>consessor,</span> <span class='ocrx_word' id='word_1_83' title='bbox 1404 1069 1487 1116; x_wconf 89' lang='lat' dir='ltr'>sed</span> <span class='ocrx_word' id='word_1_84' title='bbox 1511 1069 1704 1116; x_wconf 80' lang='lat' dir='ltr'>devotio</span> <span class='ocrx_word' id='word_1_85' title='bbox 1734 1085 1841 1115; x_wconf 82' lang='lat' dir='ltr'>exe-</span> 
     </span>
     <span class='ocr_line' id='line_1_12' title="bbox 417 1147 1836 1214; baseline -0.001 -18"><span class='ocrx_word' id='word_1_86' title='bbox 417 1150 483 1213; x_wconf 83' lang='lat' dir='ltr'>git</span> <span class='ocrx_word' id='word_1_87' title='bbox 506 1160 557 1196; x_wconf 91' lang='lat' dir='ltr'>ut</span> <span class='ocrx_word' id='word_1_88' title='bbox 580 1166 917 1214; x_wconf 68' lang='lat' dir='ltr'>praesumerem</span> <span class='ocrx_word' id='word_1_89' title='bbox 947 1167 957 1196; x_wconf 79' lang='lat' dir='ltr'>z</span> <span class='ocrx_word' id='word_1_90' title='bbox 986 1159 1032 1197; x_wconf 91' lang='lat' dir='ltr'>et</span> <span class='ocrx_word' id='word_1_91' title='bbox 1055 1149 1164 1197; x_wconf 91' lang='lat' dir='ltr'>ideo</span> <span class='ocrx_word' id='word_1_92' title='bbox 1187 1150 1226 1196; x_wconf 90' lang='lat' dir='ltr'>si</span> <span class='ocrx_word' id='word_1_93' title='bbox 1245 1167 1322 1197; x_wconf 89' lang='lat' dir='ltr'>me</span> <span class='ocrx_word' id='word_1_94' title='bbox 1344 1148 1553 1213; x_wconf 85' lang='lat' dir='ltr'>dignaris</span> <span class='ocrx_word' id='word_1_95' title='bbox 1575 1147 1836 1207; x_wconf 87' lang='lat' dir='ltr'>absolvere,</span> 
     </span>
     <span class='ocr_line' id='line_1_13' title="bbox 413 1224 1840 1292; baseline -0.001 -19"><span class='ocrx_word' id='word_1_96' title='bbox 413 1236 457 1273; x_wconf 90' lang='lat' dir='ltr'>et</span> <span class='ocrx_word' id='word_1_97' title='bbox 482 1227 544 1274; x_wconf 88' lang='lat' dir='ltr'>ad</span> <span class='ocrx_word' id='word_1_98' title='bbox 567 1228 763 1292; x_wconf 90' lang='lat' dir='ltr'>propria</span> <span class='ocrx_word' id='word_1_99' title='bbox 785 1243 896 1273; x_wconf 88' lang='lat' dir='ltr'>cum</span> <span class='ocrx_word' id='word_1_100' title='bbox 918 1236 996 1273; x_wconf 88' lang='lat' dir='ltr'>tua</span> <span class='ocrx_word' id='word_1_101' title='bbox 1020 1227 1168 1290; x_wconf 83' lang='lat' dir='ltr'>gratia</span> <span class='ocrx_word' id='word_1_102' title='bbox 1192 1227 1347 1274; x_wconf 89' lang='lat' dir='ltr'>redire</span> <span class='ocrx_word' id='word_1_103' title='bbox 1371 1226 1658 1292; x_wconf 88' lang='lat' dir='ltr'>permiseris,</span> <span class='ocrx_word' id='word_1_104' title='bbox 1686 1227 1736 1272; x_wconf 92' lang='lat' dir='ltr'>in</span> <span class='ocrx_word' id='word_1_105' title='bbox 1758 1224 1840 1272; x_wconf 89' lang='lat' dir='ltr'>ba-</span> 
     </span>
     <span class='ocr_line' id='line_1_14' title="bbox 413 1303 1840 1368; baseline -0.001 -18"><span class='ocrx_word' id='word_1_106' title='bbox 413 1304 544 1350; x_wconf 89' lang='lat' dir='ltr'>silica</span> <span class='ocrx_word' id='word_1_107' title='bbox 574 1303 660 1351; x_wconf 90' lang='lat' dir='ltr'>has</span> <span class='ocrx_word' id='word_1_108' title='bbox 688 1303 909 1368; x_wconf 88' lang='lat' dir='ltr'>reliquias</span> <span class='ocrx_word' id='word_1_109' title='bbox 939 1304 1182 1362; x_wconf 90' lang='lat' dir='ltr'>condens,</span> <span class='ocrx_word' id='word_1_110' title='bbox 1210 1304 1509 1351; x_wconf 85' lang='lat' dir='ltr'>festivitatem</span> <span class='ocrx_word' id='word_1_111' title='bbox 1538 1313 1669 1350; x_wconf 87' lang='lat' dir='ltr'>tuam</span> <span class='ocrx_word' id='word_1_112' title='bbox 1692 1303 1840 1349; x_wconf 88' lang='lat' dir='ltr'>devo-</span> 
     </span>
     <span class='ocr_line' id='line_1_15' title="bbox 415 1380 1838 1444; baseline -0.001 -17"><span class='ocrx_word' id='word_1_113' title='bbox 415 1381 590 1428; x_wconf 91' lang='lat' dir='ltr'>tissime</span> <span class='ocrx_word' id='word_1_114' title='bbox 613 1381 751 1428; x_wconf 87' lang='lat' dir='ltr'>annis</span> <span class='ocrx_word' id='word_1_115' title='bbox 775 1381 971 1444; x_wconf 86' lang='lat' dir='ltr'>singulis</span> <span class='ocrx_word' id='word_1_116' title='bbox 993 1381 1233 1428; x_wconf 89' lang='lat' dir='ltr'>celebrare</span> <span class='ocrx_word' id='word_1_117' title='bbox 1259 1381 1455 1429; x_wconf 87' lang='lat' dir='ltr'>curabo.</span> <span class='ocrx_word' id='word_1_118' title='bbox 1491 1400 1513 1424; x_wconf 90' lang='lat'>»</span> <span class='ocrx_word' id='word_1_119' title='bbox 1540 1381 1686 1443; x_wconf 88' lang='lat' dir='ltr'>Cujus</span> <span class='ocrx_word' id='word_1_120' title='bbox 1708 1380 1838 1426; x_wconf 88' lang='lat' dir='ltr'>clau-</span> 
     </span>
     <span class='ocr_line' id='line_1_16' title="bbox 415 1460 1842 1524; baseline 0.001 -18"><span class='ocrx_word' id='word_1_121' title='bbox 415 1477 521 1506; x_wconf 90' lang='lat' dir='ltr'>sum</span> <span class='ocrx_word' id='word_1_122' title='bbox 546 1477 765 1507; x_wconf 86' lang='lat' dir='ltr'>murmur</span> <span class='ocrx_word' id='word_1_123' title='bbox 786 1461 858 1507; x_wconf 88' lang='lat' dir='ltr'>vir</span> <span class='ocrx_word' id='word_1_124' title='bbox 882 1470 1072 1507; x_wconf 89' lang='lat' dir='ltr'>sanctus</span> <span class='ocrx_word' id='word_1_125' title='bbox 1094 1461 1376 1524; x_wconf 88' lang='lat' dir='ltr'>intelligens,</span> <span class='ocrx_word' id='word_1_126' title='bbox 1416 1477 1527 1507; x_wconf 88' lang='lat' dir='ltr'>eum</span> <span class='ocrx_word' id='word_1_127' title='bbox 1550 1460 1768 1519; x_wconf 88' lang='lat' dir='ltr'>absolvit,</span> <span class='ocrx_word' id='word_1_128' title='bbox 1797 1471 1842 1506; x_wconf 88' lang='lat' dir='ltr'>et</span> 
     </span>
     <span class='ocr_line' id='line_1_17' title="bbox 415 1537 1843 1601; baseline 0.001 -18"><span class='ocrx_word' id='word_1_129' title='bbox 415 1537 546 1584; x_wconf 87' lang='lat' dir='ltr'>abire</span> <span class='ocrx_word' id='word_1_130' title='bbox 570 1553 680 1584; x_wconf 90' lang='lat' dir='ltr'>eum</span> <span class='ocrx_word' id='word_1_131' title='bbox 707 1538 919 1601; x_wconf 89' lang='lat' dir='ltr'>permisit</span> <span class='ocrx_word' id='word_1_132' title='bbox 944 1538 1254 1584; x_wconf 89' lang='lat' dir='ltr'>incolumem.</span> <span class='ocrx_word' id='word_1_133' title='bbox 1282 1538 1376 1595; x_wconf 91' lang='lat' dir='ltr'>Qui</span> <span class='ocrx_word' id='word_1_134' title='bbox 1398 1538 1594 1584; x_wconf 87' lang='lat' dir='ltr'>veniens</span> <span class='ocrx_word' id='word_1_135' title='bbox 1617 1537 1843 1601; x_wconf 85' lang='lat' dir='ltr'>reliquias</span> 
     </span>
     <span class='ocr_line' id='line_1_18' title="bbox 414 1614 1844 1680; baseline 0.001 -20"><span class='ocrx_word' id='word_1_136' title='bbox 414 1614 516 1661; x_wconf 89' lang='lat' dir='ltr'>illas</span> <span class='ocrx_word' id='word_1_137' title='bbox 556 1614 603 1660; x_wconf 92' lang='lat' dir='ltr'>in</span> <span class='ocrx_word' id='word_1_138' title='bbox 649 1614 846 1662; x_wconf 87' lang='lat' dir='ltr'>ecclesia</span> <span class='ocrx_word' id='word_1_139' title='bbox 886 1615 1063 1680; x_wconf 86' lang='lat' dir='ltr'>posuit,</span> <span class='ocrx_word' id='word_1_140' title='bbox 1105 1625 1151 1661; x_wconf 89' lang='lat' dir='ltr'>et</span> <span class='ocrx_word' id='word_1_141' title='bbox 1179 1615 1341 1674; x_wconf 7' lang='lat' dir='ltr'>sancti*</span> <span class='ocrx_word' id='word_1_142' title='bbox 1367 1614 1483 1662; x_wconf 85' lang='lat' dir='ltr'>festa</span> <span class='ocrx_word' id='word_1_143' title='bbox 1518 1632 1603 1679; x_wconf 90' lang='lat' dir='ltr'>per</span> <span class='ocrx_word' id='word_1_144' title='bbox 1632 1615 1844 1679; x_wconf 87' lang='lat' dir='ltr'>singulos</span> 
     </span>
     <span class='ocr_line' id='line_1_19' title="bbox 416 1691 1843 1758; baseline 0 -19"><span class='ocrx_word' id='word_1_145' title='bbox 416 1708 567 1740; x_wconf 88' lang='lat' dir='ltr'>annos</span> <span class='ocrx_word' id='word_1_146' title='bbox 589 1691 792 1740; x_wconf 85' lang='lat' dir='ltr'>fideliter</span> <span class='ocrx_word' id='word_1_147' title='bbox 813 1692 1084 1740; x_wconf 87' lang='lat' dir='ltr'>celebravit.</span> <span class='ocrx_word' id='word_1_148' title='bbox 1112 1692 1337 1751; x_wconf 86' lang='lat' dir='ltr'>Quodam</span> <span class='ocrx_word' id='word_1_149' title='bbox 1361 1703 1520 1740; x_wconf 88' lang='lat' dir='ltr'>autem</span> <span class='ocrx_word' id='word_1_150' title='bbox 1547 1704 1762 1758; x_wconf 86' lang='lat' dir='ltr'>tempore</span> <span class='ocrx_word' id='word_1_151' title='bbox 1782 1693 1843 1740; x_wconf 89' lang='lat' dir='ltr'>ad</span> 
     </span>
     <span class='ocr_line' id='line_1_20' title="bbox 414 1769 1840 1835; baseline -0.001 -18"><span class='ocrx_word' id='word_1_152' title='bbox 414 1769 736 1835; x_wconf 82' lang='lat' dir='ltr'>supradictam</span> <span class='ocrx_word' id='word_1_153' title='bbox 766 1769 1025 1830; x_wconf 87' lang='lat' dir='ltr'>basilicam,</span> <span class='ocrx_word' id='word_1_154' title='bbox 1052 1771 1102 1817; x_wconf 90' lang='lat' dir='ltr'>in</span> <span class='ocrx_word' id='word_1_155' title='bbox 1126 1787 1222 1835; x_wconf 90' lang='lat' dir='ltr'>qua</span> <span class='ocrx_word' id='word_1_156' title='bbox 1245 1770 1455 1834; x_wconf 81' lang='lat' dir='ltr'>reliquiae</span> <span class='ocrx_word' id='word_1_157' title='bbox 1481 1770 1686 1818; x_wconf 87' lang='lat' dir='ltr'>conditae</span> <span class='ocrx_word' id='word_1_158' title='bbox 1711 1781 1840 1830; x_wconf 88' lang='lat' dir='ltr'>sunt,</span> 
     </span>
     <span class='ocr_line' id='line_1_21' title="bbox 415 1848 1844 1914; baseline 0.001 -22"><span class='ocrx_word' id='word_1_159' title='bbox 415 1863 525 1893; x_wconf 89' lang='lat' dir='ltr'>cum</span> <span class='ocrx_word' id='word_1_160' title='bbox 567 1848 703 1895; x_wconf 70' lang='lat' dir='ltr'>Avito</span> <span class='ocrx_word' id='word_1_161' title='bbox 741 1849 968 1914; x_wconf 90' lang='lat' dir='ltr'>episcopo</span> <span class='ocrx_word' id='word_1_162' title='bbox 1000 1849 1301 1896; x_wconf 88' lang='lat' dir='ltr'>accessimus.</span> <span class='ocrx_word' id='word_1_163' title='bbox 1356 1851 1466 1907; x_wconf 88' lang='lat' dir='ltr'>Quo</span> <span class='ocrx_word' id='word_1_164' title='bbox 1508 1866 1619 1895; x_wconf 87' lang='lat' dir='ltr'>cum</span> <span class='ocrx_word' id='word_1_165' title='bbox 1656 1857 1844 1894; x_wconf 86' lang='lat' dir='ltr'>sanctus</span> 
     </span>
     <span class='ocr_line' id='line_1_22' title="bbox 415 1925 1842 1990; baseline 0.001 -20"><span class='ocrx_word' id='word_1_166' title='bbox 415 1925 631 1988; x_wconf 77' lang='lat' dir='ltr'>pontifex</span> <span class='ocrx_word' id='word_1_167' title='bbox 658 1926 849 1989; x_wconf 89' lang='lat' dir='ltr'>jejunus</span> <span class='ocrx_word' id='word_1_168' title='bbox 873 1927 1111 1989; x_wconf 74' lang='lat' dir='ltr'>inglessus</span> <span class='ocrx_word' id='word_1_169' title='bbox 1140 1926 1303 1974; x_wconf 86' lang='lat' dir='ltr'>fuisset</span> <span class='ocrx_word' id='word_1_170' title='bbox 1324 1926 1446 1974; x_wconf 90' lang='lat' dir='ltr'>hora</span> <span class='ocrx_word' id='word_1_171' title='bbox 1479 1926 1616 1990; x_wconf 85' lang='lat' dir='ltr'>quasi</span> <span class='ocrx_word' id='word_1_172' title='bbox 1639 1926 1842 1983; x_wconf 88' lang='lat' dir='ltr'>decima,</span> 
     </span>
     <span class='ocr_line' id='line_1_23' title="bbox 417 2005 1844 2069; baseline 0 -19"><span class='ocrx_word' id='word_1_173' title='bbox 417 2021 585 2051; x_wconf 88' lang='lat' dir='ltr'>omnes</span> <span class='ocrx_word' id='word_1_174' title='bbox 608 2005 691 2069; x_wconf 88' lang='lat' dir='ltr'>qui</span> <span class='ocrx_word' id='word_1_175' title='bbox 722 2022 834 2052; x_wconf 89' lang='lat' dir='ltr'>cum</span> <span class='ocrx_word' id='word_1_176' title='bbox 857 2022 915 2052; x_wconf 86' lang='lat' dir='ltr'>eo</span> <span class='ocrx_word' id='word_1_177' title='bbox 940 2022 1147 2065; x_wconf 89' lang='lat' dir='ltr'>eramus,</span> <span class='ocrx_word' id='word_1_178' title='bbox 1174 2005 1375 2052; x_wconf 88' lang='lat' dir='ltr'>odorem</span> <span class='ocrx_word' id='word_1_179' title='bbox 1406 2005 1612 2051; x_wconf 89' lang='lat' dir='ltr'>liliorum</span> <span class='ocrx_word' id='word_1_180' title='bbox 1638 2013 1684 2051; x_wconf 89' lang='lat' dir='ltr'>et</span> <span class='ocrx_word' id='word_1_181' title='bbox 1714 2019 1844 2050; x_wconf 87' lang='lat' dir='ltr'>rosa·</span> 
     </span>
     <span class='ocr_line' id='line_1_24' title="bbox 417 2080 1846 2148; baseline -0.001 -21"><span class='ocrx_word' id='word_1_182' title='bbox 417 2098 524 2128; x_wconf 91' lang='lat' dir='ltr'>rum</span> <span class='ocrx_word' id='word_1_183' title='bbox 564 2082 760 2129; x_wconf 87' lang='lat' dir='ltr'>naribus</span> <span class='ocrx_word' id='word_1_184' title='bbox 801 2083 1063 2144; x_wconf 87' lang='lat' dir='ltr'>hausimus,</span> <span class='ocrx_word' id='word_1_185' title='bbox 1112 2083 1245 2148; x_wconf 86' lang='lat' dir='ltr'>quod</span> <span class='ocrx_word' id='word_1_186' title='bbox 1278 2083 1420 2130; x_wconf 91' lang='lat' dir='ltr'>nobis</span> <span class='ocrx_word' id='word_1_187' title='bbox 1451 2082 1577 2129; x_wconf 89' lang='lat' dir='ltr'>beati</span> <span class='ocrx_word' id='word_1_188' title='bbox 1605 2080 1846 2147; x_wconf 81' lang='lat' dir='ltr'>pontificis</span> 
     </span>
     <span class='ocr_line' id='line_1_25' title="bbox 416 2159 1845 2226; baseline -0.001 -20"><span class='ocrx_word' id='word_1_189' title='bbox 416 2160 677 2225; x_wconf 77' lang='lat' dir='ltr'>praestitum</span> <span class='ocrx_word' id='word_1_190' title='bbox 701 2161 872 2209; x_wconf 88' lang='lat' dir='ltr'>merito</span> <span class='ocrx_word' id='word_1_191' title='bbox 902 2178 1003 2209; x_wconf 87' lang='lat' dir='ltr'>non</span> <span class='ocrx_word' id='word_1_192' title='bbox 1028 2160 1335 2226; x_wconf 89' lang='lat' dir='ltr'>ambigimus.</span> <span class='ocrx_word' id='word_1_193' title='bbox 1370 2163 1478 2207; x_wconf 89' lang='lat' dir='ltr'>Erat</span> <span class='ocrx_word' id='word_1_194' title='bbox 1507 2160 1637 2207; x_wconf 88' lang='lat' dir='ltr'>enim</span> <span class='ocrx_word' id='word_1_195' title='bbox 1669 2159 1845 2206; x_wconf 87' lang='lat' dir='ltr'>mensis</span> 
     </span>
     <span class='ocr_line' id='line_1_26' title="bbox 416 2238 1261 2286; baseline 0.001 -3"><span class='ocrx_word' id='word_1_196' title='bbox 416 2253 590 2284; x_wconf 77' lang='lat' dir='ltr'>nonus,</span> <span class='ocrx_word' id='word_1_197' title='bbox 620 2241 784 2284; x_wconf 78' lang='lat' dir='ltr'>Actum</span> <span class='ocrx_word' id='word_1_198' title='bbox 809 2238 858 2284; x_wconf 92' lang='lat' dir='ltr'>in</span> <span class='ocrx_word' id='word_1_199' title='bbox 883 2238 989 2285; x_wconf 88' lang='lat' dir='ltr'>vico</span> <span class='ocrx_word' id='word_1_200' title='bbox 1013 2239 1261 2286; x_wconf 90' lang='lat' dir='ltr'>Musiacas.</span> 
     </span>
    </p>
   </div>
   <div class='ocr_carea' id='block_1_3' title="bbox 416 2406 1844 2585">
    <p class='ocr_par' dir='ltr' id='par_1_3' title="bbox 416 2406 1844 2585">
     <span class='ocr_line' id='line_1_27' title="bbox 469 2406 1843 2461; baseline 0.001 -17"><span class='ocrx_word' id='word_1_201' title='bbox 469 2409 525 2456; x_wconf 79' lang='lat'>(1)</span> <span class='ocrx_word' id='word_1_202' title='bbox 552 2406 645 2445; x_wconf 90' lang='lat' dir='ltr'>Bad.</span> <span class='ocrx_word' id='word_1_203' title='bbox 655 2421 787 2457; x_wconf 83' lang='lat' dir='ltr'>,.ense</span> <span class='ocrx_word' id='word_1_204' title='bbox 810 2412 854 2447; x_wconf 93' lang='lat' dir='ltr'>In</span> <span class='ocrx_word' id='word_1_205' title='bbox 874 2410 969 2448; x_wconf 89' lang='lat' dir='ltr'>Bell.</span> <span class='ocrx_word' id='word_1_206' title='bbox 978 2411 1064 2458; x_wconf 89' lang='grc'>,31</span> <span class='ocrx_word' id='word_1_207' title='bbox 1088 2423 1220 2458; x_wconf 87' lang='lat' dir='ltr'>manu,</span> <span class='ocrx_word' id='word_1_208' title='bbox 1239 2410 1306 2449; x_wconf 87' lang='lat' dir='ltr'>sed</span> <span class='ocrx_word' id='word_1_209' title='bbox 1329 2410 1501 2461; x_wconf 88' lang='lat' dir='ltr'>antiqua,</span> <span class='ocrx_word' id='word_1_210' title='bbox 1524 2409 1579 2448; x_wconf 90' lang='lat' dir='ltr'>sic</span> <span class='ocrx_word' id='word_1_211' title='bbox 1598 2408 1843 2448; x_wconf 86' lang='lat' dir='ltr'>emendatum</span> 
     </span>
     <span class='ocr_line' id='line_1_28' title="bbox 416 2474 1844 2525; baseline 0.001 -18"><span class='ocrx_word' id='word_1_212' title='bbox 416 2476 497 2507; x_wconf 89' lang='lat' dir='ltr'>est:</span> <span class='ocrx_word' id='word_1_213' title='bbox 520 2478 807 2521; x_wconf 78' lang='lat' dir='ltr'>extractumque</span> <span class='ocrx_word' id='word_1_214' title='bbox 831 2475 1003 2523; x_wconf 80' lang='lat' dir='ltr'>glade&#39;wn</span> <span class='ocrx_word' id='word_1_215' title='bbox 1038 2475 1088 2511; x_wconf 87' lang='lat' dir='ltr'>de</span> <span class='ocrx_word' id='word_1_216' title='bbox 1117 2478 1254 2525; x_wconf 71' lang='lat' dir='ltr'>«agina</span> <span class='ocrx_word' id='word_1_217' title='bbox 1282 2478 1332 2525; x_wconf 61' lang='lat'>“&#39;0</span> <span class='ocrx_word' id='word_1_218' title='bbox 1317 2487 1432 2521; x_wconf 78' lang='lat' dir='ltr'>⁰,rem</span> <span class='ocrx_word' id='word_1_219' title='bbox 1454 2481 1528 2514; x_wconf 89' lang='lat' dir='ltr'>etc.</span> <span class='ocrx_word' id='word_1_220' title='bbox 1551 2474 1740 2522; x_wconf 85' lang='lat' dir='ltr'>Quartum</span> <span class='ocrx_word' id='word_1_221' title='bbox 1773 2484 1844 2523; x_wconf 84' lang='lat' dir='ltr'>pro</span> 
     </span>
     <span class='ocr_line' id='line_1_29' title="bbox 416 2532 926 2585; baseline 0.01 -16"><span class='ocrx_word' id='word_1_222' title='bbox 416 2539 524 2570; x_wconf 85' lang='lat' dir='ltr'>sexto</span> <span class='ocrx_word' id='word_1_223' title='bbox 539 2545 630 2572; x_wconf 88' lang='lat' dir='ltr'>casu</span> <span class='ocrx_word' id='word_1_224' title='bbox 646 2532 855 2583; x_wconf 85' lang='lat' dir='ltr'>adhibet(</span> <span class='ocrx_word' id='word_1_225' title='bbox 859 2538 926 2585; x_wconf 85' lang='lat' dir='ltr'>R.)</span> 
     </span>
    </p>
   </div>
  </div>
 </body>
</html>
