2028 3458
432 259 509 298 262
658 257 724 293 DE
755 254 1045 293 VIRTUTIBUS
1078 255 1250 293 SANCTI
1284 254 1659 292 mltum—111.

430 344 491 392 ab
513 344 603 391 hac
623 352 865 390 sanaretur
882 341 1170 402 infirmitate,
1194 342 1378 390 nullum
1401 358 1523 407 opus
1546 340 1769 403 deinceps
1792 339 1841 385 in

428 421 518 468 hac
544 420 794 467 dominicae
826 419 1182 466 resurrectionis
1215 428 1372 482 ageret
1398 418 1475 465 die
1503 417 1630 481 quod
1662 416 1730 463 illi
1752 414 1843 462 diei

429 507 548 545 esset
572 498 887 559 incongruum
914 513 924 541 :
955 496 1207 559 statimque
1231 496 1403 542 amotis
1426 495 1582 559 digitis
1605 511 1633 541 a
1656 493 1811 558 palma
1828 527 1840 548 ‚

430 588 573 618 manu
594 571 773 618 directa
794 569 1023 617 discessit.

999 699 1156 734 CAPUT
1183 698 1281 733 LVI.

845 778 895 812 De
914 777 1060 812 muliere
1076 783 1258 811 contracta
1274 783 1308 809 et
1326 786 1431 809 caeca.

491 875 660 936 Magna
693 882 761 920 est
790 874 917 919 enim
955 873 1103 936 pietas
1130 870 1432 930 confessoris,
1462 884 1569 932 quae
1597 868 1663 914 sic
1695 869 1848 931 arguit

427 950 700 1014 insipientes
717 986 729 1009 ,
761 961 812 997 ut
835 967 1021 1015 ponens
1043 949 1213 996 vitium
1254 958 1363 996 ante
1400 947 1584 1004 oculos,
1612 945 1777 992 reddat
1799 946 1848 991 in

424 1037 669 1092 posterum
693 1027 988 1074 emendatos.
1020 1030 1110 1073 Pro
1133 1026 1228 1073 hac
1253 1041 1394 1072 causa
1418 1024 1590 1070 mulier
1609 1023 1701 1070 alia
1723 1021 1852 1069 debi-

425 1113 599 1160 litatur.
624 1116 743 1159 Nam
766 1129 876 1159 cum
895 1112 972 1159 die
996 1111 1178 1159 sabbati
1197 1120 1306 1176 post
1323 1110 1433 1157 solis
1452 1126 1693 1166 occasum,
1720 1107 1851 1170 quod

427 1189 610 1252 adjacet
644 1189 1001 1235 resurrectionis
1036 1189 1289 1246 dominicae
1315 1187 1472 1245 nocti,
1503 1201 1678 1250 panem
1710 1184 1852 1230 furno

429 1265 702 1326 collocaret,
728 1265 978 1312 brachium
1004 1266 1103 1329 ejus
1128 1265 1297 1312 dolore
1321 1263 1548 1327 quatitur.
1575 1266 1686 1308 Post
1710 1262 1854 1324 injec-

428 1352 530 1389 tum
567 1343 714 1390 alium
752 1353 798 1390 et
830 1344 1023 1390 tertium
1061 1359 1255 1408 panem,
1282 1358 1452 1389 manus
1488 1341 1635 1387 invita
1673 1339 1854 1402 lignum

429 1419 562 1483 quod
586 1420 778 1467 tenebat
801 1420 943 1484 coepit
966 1421 1223 1484 astringere
1247 1438 1256 1466 :
1298 1418 1659 1483 intelligensque
1684 1416 1855 1463 mulier

432 1497 602 1545 divinae
625 1513 674 1543 se
697 1497 881 1544 virtutis
896 1497 1078 1560 judicio
1098 1496 1430 1552 condemnari,
1452 1494 1678 1541 velociter
1697 1492 1856 1558 palam

432 1590 577 1638 quam
600 1573 792 1620 tenebat
815 1574 988 1637 abjecit
1012 1591 1022 1620 :
1059 1573 1372 1620 nihilominus
1403 1588 1502 1618 non
1536 1571 1743 1633 effugere
1768 1586 1855 1634 po-

435 1651 522 1697 tuit
556 1666 765 1715 poenam.
803 1653 922 1697 Nam
954 1652 1019 1698 ita
1049 1667 1219 1698 manus
1252 1650 1352 1713 ejus
1385 1665 1496 1695 cum
1523 1649 1653 1711 gravi
1689 1646 1858 1693 dolore

435 1737 689 1775 contractae
708 1738 836 1787 sunt,
862 1737 910 1774 ut
931 1729 1118 1791 ungulae
1140 1728 1187 1775 in
1211 1728 1311 1792 ipsa
1334 1725 1656 1790 defigerentur
1678 1725 1853 1789 palma.

439 1807 507 1850 Ex
537 1804 631 1852 hoc
665 1804 841 1852 nullius
866 1805 1039 1852 medici
1070 1822 1120 1852 se
1147 1805 1348 1852 credens
1371 1820 1511 1867 posse
1544 1802 1758 1849 fomento
1790 1816 1860 1847 sa-

439 1883 560 1941 nari,
587 1882 713 1930 beati
734 1882 978 1930 basilicam
1001 1882 1248 1948 expetivit,
1278 1881 1439 1945 ibique
1462 1880 1664 1927 fideliter
1689 1895 1855 1937 orans,

441 1961 629 2008 directis
662 1960 907 2021 manibus,
946 1970 1111 2007 sanata
1146 1960 1383 2020 discessit3
1423 1959 1650 2022 vovitque
1682 1967 1734 2003 ut
1774 1972 1860 2020 per

441 2037 651 2099 singulos
687 2054 897 2096 menses,
927 2053 1024 2084 una
1052 2036 1357 2083 hebdomada
1393 2036 1452 2082 ad
1484 2044 1701 2081 sanctum
1735 2044 1860 2079 tem-

444 2113 575 2177 plum
598 2115 811 2173 veniens,
839 2114 1009 2161 debeat
1036 2117 1138 2160 Deo
1162 2123 1208 2159 et
1228 2113 1370 2159 beato
1390 2112 1581 2158 antistiti
1602 2111 1855 2157 deservire.

444 2189 586 2248 Quod
616 2208 701 2255 per
737 2207 885 2237 unum
922 2207 1104 2238 annum
1140 2206 1245 2237 eam
1281 2189 1552 2235 observasse
1580 2187 1861 2234 manifestis-

446 2267 563 2313 sime
585 2268 829 2330 cognitum
850 2277 934 2314 est.
964 2271 1075 2314 Post
1099 2283 1278 2314 annum
1296 2283 1411 2312 vero
1432 2265 1699 2312 intermissa
1721 2264 1863 2309 unius

448 2345 621 2390 mensis
655 2344 978 2400 hebdomada,
1010 2361 1106 2391 non
1142 2344 1336 2391 accessit
1366 2343 1427 2390 ad
1462 2353 1673 2389 sanctam
1706 2341 1865 2388 basili-

447 2437 570 2467 cam.
600 2420 790 2474 Sedenti
812 2438 923 2469 vero
945 2422 991 2468 in
1010 2421 1271 2486 hospitiolo
1294 2437 1381 2468 suo
1401 2421 1566 2467 oculus
1588 2420 1630 2466 ei
1649 2437 1676 2466 a
1698 2418 1864 2466 dolore

452 2497 741 2561 transfigitur
765 2516 773 2544 :
818 2498 949 2545 illum
989 2508 1147 2545 autem
1189 2499 1509 2563 comprimens
1549 2496 1777 2562 perdidit,
1818 2505 1863 2541 et

450 2574 569 2623 alius
591 2592 783 2639 quoque
797 2575 959 2622 dolere
979 2575 1121 2640 coepit
1144 2575 1397 2639 extemplo.
1423 2578 1489 2640 lta
1511 2575 1557 2621 in
1580 2575 1720 2621 unius
1736 2572 1865 2619 horae

452 2663 697 2699 momento
714 2670 836 2700 caeca
853 2652 912 2700 ab
932 2653 1081 2700 oculis
1102 2652 1339 2700 ambobus
1361 2652 1577 2700 efficitur.
1596 2654 1691 2698 Nec
1708 2665 1861 2703 mora,

451 2730 663 2778 confessa
694 2730 883 2795 culpam
928 2730 987 2777 ad
1024 2730 1237 2795 praesidia
1275 2741 1386 2778 nota
1425 2731 1668 2794 confugit3
1704 2728 1866 2791 ibique
