2028 3458
448 220 525 258 350
818 220 883 256 DE
909 219 1094 257 GLORIA
1123 212 1491 258 CONFESSORUM.

1033 379 1188 414 CAPUT
1212 380 1279 416 I‘V.

512 481 564 514 De
581 487 702 515 saneto
722 479 878 514 Martino
892 478 1077 514 Turonico
1094 478 1278 526 episcopo,
1294 487 1329 514 et
1343 479 1504 526 sepulcro
1520 478 1629 514 sancti
1644 477 1797 513 Gatiani.

511 584 768 631 Gatianum
788 587 799 609 ¹
833 584 975 631 etiam
1007 584 1286 649 episcopum
1320 599 1347 629 a
1373 583 1597 631 Romanis
1629 582 1864 648 episcopis

447 659 508 707 ad
543 658 711 706 urbem
746 660 1030 706 Turonicam
1062 659 1414 715 transmissum,
1451 659 1754 723 primumque
1776 661 1864 704 Tu-

447 738 620 785 ronicis
652 738 928 803 pontificem
962 737 1146 797 datum,
1175 737 1299 785 fama
1322 736 1498 784 ferente
1530 737 1860 800 cognovimus.

446 814 516 862 Ad
539 815 672 879 cujus
693 816 929 863 tumulum
948 815 1116 862 beatus
1137 815 1365 862 Martinus
1382 830 1492 861 cum
1514 813 1577 861 ad
1597 813 1864 861 orationem

447 893 679 952 venisset,
717 903 827 959 post
862 893 1032 941 effusas
1064 909 1244 958 preces,
1273 893 1401 940 dicto
1438 892 1580 939 etiam
1614 890 1861 956 capitello,

447 970 545 1016 ait:
586 989 609 1016 (ι
640 970 873 1033 Benedic,
899 971 1082 1035 inquit,
1107 970 1226 1018 mihi
1259 971 1333 1018 vir
1363 970 1468 1017 Dei.
1501 990 1523 1013 »
1562 972 1670 1016 Haec
1703 985 1761 1015 eo
1791 968 1864 1015 di-

447 1057 600 1106 cente,
624 1065 715 1095 vox
734 1048 796 1096 ad
810 1065 920 1096 eum
940 1047 1132 1114 delapsa
1150 1048 1358 1108 auditur,
1382 1047 1572 1095 dicens:
1600 1066 1623 1091 «
1640 1049 1703 1093 Te
1723 1045 1866 1093 etiam

450 1123 681 1190 deprecor
713 1126 969 1174 benedicas
999 1126 1145 1186 mihi,
1184 1143 1315 1174 serve
1347 1126 1559 1173 Domini.
1597 1143 1619 1168 »
1660 1127 1718 1170 Et
1757 1122 1867 1170 data

449 1202 619 1250 iterum
661 1205 877 1252 oratione
919 1205 1148 1252 discessit.
1192 1203 1559 1252 Admirabantur
1591 1212 1749 1250 autem
1785 1201 1868 1266 qui

450 1278 647 1327 aderant
679 1297 738 1327 eo
771 1290 1004 1345 tempore,
1032 1291 1079 1328 et
1111 1280 1335 1328 dicebant
1357 1297 1469 1328 eum
1504 1279 1718 1326 habitare
1754 1287 1867 1324 tunc

451 1356 499 1402 in
524 1357 746 1414 Martino,
774 1358 856 1422 qui
881 1358 1128 1422 quondam
1153 1357 1380 1406 Lazarum
1403 1357 1591 1405 vocavit
1613 1373 1668 1404 ex
1693 1372 1866 1403 monu-

451 1443 631 1481 mento.

1048 1544 1205 1579 CAPUT
1228 1545 1275 1580 V.

757 1645 809 1679 De
828 1643 970 1689 eodem,
991 1653 1026 1680 et
1041 1645 1203 1693 sepulcro
1219 1644 1383 1680 Vitalinae
1401 1644 1556 1692 virginis.

516 1746 678 1793 Simile
710 1745 822 1794 huic
854 1747 979 1794 facto
1012 1747 1141 1812 apud
1184 1747 1443 1795 Arthonam
1474 1749 1488 1771 ²
1524 1750 1864 1794 Arvernensem

451 1823 611 1869 vicum
649 1823 823 1872 referre
863 1825 1031 1890 saepius
1070 1842 1204 1873 senes
1238 1826 1366 1873 viros
1403 1825 1580 1873 audivi.
1612 1825 1863 1885 Vitalina⁸,

453 1901 670 1965 quaedam
692 1901 911 1967 religiosa
935 1904 984 1950 in
1010 1904 1103 1950 hoc
1128 1904 1235 1951 loco
1268 1906 1491 1969 quiescit,
1518 1904 1580 1951 ad
1601 1905 1734 1968 cujus
1756 1904 1866 1951 bea-

454 1988 527 2025 tus
560 1981 787 2028 Martinus
817 1981 1054 2028 tumulum
1093 1983 1310 2043 veniens,
1351 1982 1482 2030 dedit
1515 1982 1862 2029 salutationem.

454 2058 511 2104 Et
533 2055 661 2104 illam
684 2067 736 2104 ut
760 2057 847 2105 sibi
873 2058 1149 2122 dignaretur
1169 2059 1453 2107 benedicere
1473 2060 1711 2123 flagitavit.
1740 2062 1867 2105 Post-

454 2149 598 2197 quam
634 2143 794 2181 autem
827 2135 1136 2200 expleverunt
1169 2137 1460 2196 orationem,
1496 2153 1751 2183 conversus
1796 2136 1868 2181 vir

454 2211 649 2259 beatus:
682 2231 703 2254 ct
726 2212 830 2272 Dic,
858 2213 943 2271 ait,
970 2214 1262 2261 sanctissima
1289 2214 1445 2277 virgo,
1481 2215 1519 2261 si
1542 2215 1641 2278 jam
1675 2213 1868 2260 Domini

457 2289 753 2354 praesentiam
776 2290 987 2336 meruisti
1009 2288 1032 2336 ’Β
1058 2309 1081 2334 »
1108 2293 1222 2348 Quae
1246 2291 1309 2338 ait
1337 2309 1346 2337 :
1379 2311 1401 2335 «
1431 2292 1610 2338 Restitit
1634 2291 1748 2338 mihi
1771 2307 1868 2339 una

510 2464 564 2518 (1)
582 2465 690 2506 Colb.
716 2475 804 2517 tut.,
836 2468 949 2518 Vict.,
979 2469 1079 2510 Clar.
1107 2483 1156 2509 m.
1184 2473 1235 2518 (et
1258 2472 1390 2519 5329),
1425 2473 1661 2509 Gratianum.
1693 2470 1800 2510 Colb.
1828 2485 1864 2517 a,

456 2527 555 2567 Clar.
591 2527 617 2566 b
649 2538 686 2567 et
718 2530 830 2577 Bad„
863 2533 1080 2572 Catianum.
1118 2533 1219 2572 Clar.
1252 2546 1288 2580 a,
1325 2534 1545 2573 Gazimmm.
1577 2533 1718 2581 Laud.‚
1752 2533 1864 2581 Bell„

455 2589 563 2628 Colb.
589 2605 610 2629 a
628 2593 761 2641 (2204)
780 2593 818 2630 in
838 2593 977 2639 indice,
1000 2597 1169 2634 Catiani.
1190 2598 1270 2642 (R.)

511 2657 565 2703 (2)
585 2657 673 2704 Alii,
698 2659 899 2697 Archtona.
919 2662 998 2707 (R.)
1017 2682 1070 2688 —
1085 2663 1182 2698 2791
1209 2663 1411 2700 Arthonas.

509 2722 564 2769 (3)
592 2724 710 2769 5323),
733 2724 835 2761 5326
861 2724 978 2773 etalii
1002 2727 1211 2765 Vitaliana.
