2028 3458
469 319 546 356 260
680 317 746 352 DE
774 312 1065 351 VIRTUTIBUS
1097 274 1277 349 SANCTI‘
1296 310 1516 347 MARTINI.
1531 330 1583 336 —
1602 309 1672 347 111.

468 403 611 461 Quod
631 401 828 448 audiens
850 399 997 446 abbas
1021 398 1293 445 monasterii
1312 415 1339 445 a
1357 399 1465 445 loco
1490 397 1709 462 proximi,
1733 396 1879 442 currit

467 482 527 528 ad
545 481 784 536 comitem,
807 487 1054 539 rogaturus
1071 493 1157 540 pro
1178 493 1264 534 eo;
1285 477 1528 522 eratenim
1549 475 1688 537 longe
1707 473 1876 520 exinde

466 558 598 621 quasi
632 556 781 601 tribus
814 553 1048 613 millibus,
1081 552 1371 616 obtentaque
1405 569 1516 598 cum
1551 569 1608 598 eo
1643 552 1707 596 rei
1735 550 1877 611 hujus

466 636 588 692 vita,
616 632 753 679 rediit
778 632 1036 694 vivumque
1070 630 1280 694 reperiit.
1317 632 1425 686 Quo
1449 646 1474 676 a
1504 628 1762 694 suspendio
1793 626 1876 673 de-

463 711 648 775 posito,
685 708 880 755 adduxit
915 707 976 754 ad
1011 706 1353 753 monasterium
1397 705 1695 769 profitentem
1735 714 1876 766 atque

461 786 701 833 dicentem
728 803 738 831 :
776 806 798 828 «
825 786 947 843 Quia
981 784 1104 831 sensi
1135 784 1354 831 virtutem
1386 784 1533 829 sancti
1568 783 1753 829 Martini
1792 781 1874 845 qui

459 881 537 911 me
558 863 745 928 eripuit.
776 883 799 908 »

1024 980 1179 1015 CAPUT
1207 981 1300 1015 LIV.

1005 1066 1057 1099 De
1076 1074 1173 1099 muto
1192 1073 1326 1099 sanam.

524 1165 633 1208 Erat
657 1161 786 1207 enim
819 1161 970 1207 homo
1006 1160 1128 1207 infra
1159 1161 1420 1207 terminum
1453 1160 1600 1224 ipsius
1628 1159 1871 1205 Turonicae

457 1238 606 1296 urbis,
633 1255 689 1285 ex
710 1239 815 1284 vico
840 1239 1015 1284 montis
1035 1237 1364 1284 Laudiacensis
1384 1239 1411 1297 ¹,
1440 1246 1484 1283 et
1508 1236 1656 1282 homo
1674 1236 1750 1282 ille
1771 1245 1871 1282 erat

456 1328 623 1365 natura
660 1318 876 1383 simplex,
919 1335 1066 1364 nexus
1102 1317 1294 1364 vinculo
1339 1316 1593 1380 conjugali.
1634 1316 1720 1362 Cui
1759 1333 1868 1362 cum

424 1404 427 1406 ’
456 1396 658 1459 conjuge
682 1396 940 1459 quiescenti
960 1405 1099 1441 nocte
1122 1395 1279 1441 media
1300 1411 1452 1458 pavor
1471 1393 1698 1449 exoritur,
1722 1403 1871 1439 exter-

455 1474 667 1537 ritusque
690 1490 743 1520 ac
767 1473 826 1520 de
847 1473 1022 1519 lectulo
1047 1473 1280 1532 exsiliens,
1309 1472 1423 1517 dum
1447 1489 1532 1535 per
1555 1469 1867 1534 hospitiolum

454 1568 596 1597 suum
617 1560 812 1613 vagatur
833 1549 1063 1613 trepidus,
1088 1549 1217 1595 vocis
1234 1548 1440 1612 perdidit
1457 1547 1751 1594 famulatum.
1773 1548 1868 1592 Nec

455 1636 690 1685 moratus,
718 1625 893 1672 indicat
917 1636 1036 1672 nutu
1062 1625 1252 1687 conjugi
1277 1634 1326 1670 ut
1352 1641 1462 1670 eum
1487 1623 1547 1670 ad
1571 1623 1719 1668 sancti
1742 1622 1866 1668 basi-

453 1704 594 1750 licam
632 1703 891 1750 exhiberet.
932 1703 1025 1760 Qui
1059 1702 1334 1759 adveniens,
1373 1701 1487 1747 dum
1526 1710 1636 1746 ante
1673 1700 1866 1745 beatum

453 1781 721 1845 sepulcrum
739 1798 824 1845 per
837 1798 917 1827 sex
934 1779 1117 1826 assidue
1135 1778 1338 1826 decubat
1357 1795 1541 1825 menses
1562 1779 1609 1824 in
1630 1778 1862 1834 oratione,

451 1857 669 1904 absoluta
692 1857 869 1920 lingua,
895 1857 1139 1920 eloquium
1162 1857 1283 1902 sicut
1307 1865 1444 1902 antea
1464 1854 1711 1912 habuerat,
1739 1854 1868 1900 reci-

450 1949 563 1996 pere
588 1934 758 1980 meruit
781 1934 952 1979 virtute
976 1933 1103 1979 beati
1125 1932 1360 1979 antistitis.

1034 2050 1189 2083 CAPUT
1215 2049 1291 2085 LV.

794 2134 844 2167 De
860 2133 1004 2166 muliere
1022 2134 1122 2180 cujus
1139 2146 1262 2168 manus
1284 2141 1518 2167 contraxerat.

519 2227 686 2275 Mulier
707 2229 1099 2291 Transligeritaua
1114 2233 1127 2254 ²
1150 2231 1196 2276 in
1221 2229 1297 2276 die
1329 2230 1573 2277 dominico
1593 2248 1703 2276 cum
1740 2248 1854 2295 ope-

452 2321 553 2350 ram
589 2315 850 2366 exerceret‚
875 2323 1018 2369 quam
1045 2307 1091 2353 in
1122 2307 1199 2353 die
1222 2306 1301 2353 illo
1335 2307 1434 2353 fleri
1465 2311 1654 2354 Patrum
1680 2308 1863 2354 inhibet

451 2383 724 2442 auctoritas,
751 2400 921 2430 manus
944 2384 1044 2446 ejus
1062 2393 1305 2430 contracta
1328 2384 1536 2447 diriguit,
1563 2385 1789 2449 digitique
1814 2386 1860 2431 in

451 2458 654 2522 palmam
678 2458 819 2507 defixi
841 2470 966 2507 sunt.
994 2464 1109 2518 Quae
1133 2461 1247 2507 dum
1271 2461 1519 2508 doloribus
1550 2463 1857 2521 cruciaretur,

450 2538 510 2584 ad
534 2549 743 2586 sanctam
763 2539 913 2587 aedem
933 2541 1214 2587 confessoris
1235 2544 1452 2599 accessit3
1478 2544 1701 2607 vovitque
1726 2552 1795 2599 ut,
1822 2542 1858 2588 si

502 2732 556 2777 (l)
575 2732 842 2768 Laudiocensis
861 2734 978 2770 3801.

504 2796 558 2843 (2)
581 2798 697 2832 Trans
718 2797 891 2846 Ligerimz
916 2799 1033 2843 5326,
1058 2800 1180 2843 5329,
1208 2802 1325 2837 5:335.
