2028 3458
402 229 478 269 320
599 232 666 268 DE
693 230 984 269 VIRTUTIBUS
1010 230 1179 267 SANCTI
1206 231 1430 267 MARTINI.
1450 251 1504 258 -—
1521 231 1587 267 IV.

401 319 463 367 ad
480 319 651 367 urbem
672 319 857 365 vinctus
879 318 1002 379 loro,
1028 329 1079 365 ut
1104 318 1373 366 truderetur
1392 318 1645 381 ergastulo.
1674 320 1819 364 Cum-

404 414 496 461 que
511 406 619 444 ante
632 395 874 442 basilicam
888 396 1038 442 sancti
1052 397 1175 441 Petri
1191 395 1394 459 apostoli
1411 396 1455 441 in
1478 394 1723 460 publicum
1739 393 1819 439 ad·

404 474 576 521 ductus
593 490 811 536 aggerem
823 473 1107 531 devenisset,
1126 473 1289 519 solutae
1308 483 1416 519 sunt
1430 489 1599 520 manus
1617 473 1734 535 ejus,
1752 471 1820 517 di-

403 553 561 615 xitque
582 550 859 598 custodibus
883 568 892 595 :
919 570 940 594 «
963 553 1013 596 In
1033 550 1128 597 hoc
1148 560 1343 615 apparet
1367 567 1442 596 me
1463 567 1490 597 a
1512 551 1651 615 culpa
1674 565 1819 613 quam

404 630 557 677 dicitis
580 646 680 676 esse
703 629 985 688 immunem,
1006 645 1116 675 cum
1138 644 1255 675 meae
1279 645 1447 675 manus
1469 629 1693 675 divinitus
1710 636 1821 673 sunt

404 707 585 754 solutae.
617 727 639 750 1>
678 710 809 753 Tunc
842 706 906 752 illi
938 705 1239 769 indignantes
1267 706 1441 752 arctius
1474 723 1583 752 eum
1610 705 1823 751 revinxe-

404 796 533 845 runt,
555 794 601 832 et
621 785 813 849 insuper
831 783 988 831 adhuc
1007 784 1099 831 alio
1120 783 1224 830 loro
1242 783 1453 848 ligamini
1472 784 1673 847 adjecto,
1693 793 1742 828 ut
1760 783 1824 828 ita

405 863 579 924 dicam,
599 862 790 909 vincula
810 863 909 927 ipsa
930 862 1199 908 vinxerunt.
1228 862 1438 923 Contigit
1460 872 1617 908 autem
1631 877 1687 906 eo
1710 869 1825 906 tem-

406 958 548 1006 pore,
582 950 633 987 ut
670 957 757 986 nos
788 940 847 986 de
878 939 1071 986 basilica
1101 940 1250 986 sancti
1284 940 1471 987 Martini
1503 956 1588 1003 per
1622 938 1825 1002 plateam

407 1018 692 1065 veniremus.
721 1017 780 1062 Hi
803 1026 962 1063 autern
985 1033 1094 1062 cum
1127 1015 1265 1063 nobis
1294 1017 1341 1062 in
1367 1015 1559 1062 obviam
1583 1014 1827 1061 venientes

408 1095 875 1162 appropinquarent,
906 1103 957 1139 ut
988 1093 1196 1158 primum
1224 1093 1468 1140 basilicam
1504 1092 1653 1139 sancti
1676 1091 1826 1136 homo

408 1175 593 1221 vinctus
616 1172 812 1237 aspexit,
838 1172 995 1217 statim
1027 1171 1191 1218 solutae
1223 1181 1332 1218 sunt
1357 1188 1527 1218 manus
1550 1170 1650 1233 ejus
1672 1188 1682 1216 :
1709 1167 1828 1215 exsi-

408 1251 621 1315 liensque
662 1251 723 1298 de
763 1250 947 1298 caballo
987 1250 1035 1296 in
1072 1267 1169 1314 quo
1205 1248 1418 1308 sedebat,
1455 1246 1599 1312 pedes
1642 1254 1829 1292 nostros

410 1330 625 1394 arripuit,
666 1346 911 1394 exponens
944 1345 992 1375 se
1025 1329 1196 1391 injuste
1230 1327 1464 1374 damnari.
1491 1325 1662 1387 Sicque
1689 1322 1830 1369 nobis

411 1423 522 1453 cum
555 1407 718 1471 judice
757 1405 1168 1470 colloquentibus,
1203 1403 1385 1468 absque
1421 1402 1695 1465 fatigatione
1732 1399 1829 1445 dis-

412 1493 565 1531 cessit.

947 1638 1104 1674 CAPUT
1133 1637 1305 1673 XXXVI.

795 1735 850 1769 De
867 1733 1013 1769 muliere
1031 1734 1295 1768 obmutescente
1310 1739 1441 1767 sanata.

480 1826 664 1891 Conjux
696 1826 907 1874 Ser-enati
936 1826 1146 1873 hominis
1187 1825 1367 1885 nostri,
1405 1840 1517 1871 cum
1556 1821 1616 1869 de
1652 1821 1835 1869 cultura

414 1907 517 1954 viro
536 1906 781 1972 praemisso
804 1905 997 1965 rediret,
1028 1904 1185 1952 subito
1210 1905 1333 1951 inter
1355 1919 1524 1949 manus
1549 1901 1732 1966 dilapsa
1759 1916 1837 1947 co-

414 1985 686 2032 mitantium
704 1994 839 2030 terrae
855 1983 1053 2043 corruit,
1074 1982 1310 2046 ligataque
1328 1981 1506 2045 lingua,
1529 1978 1712 2026 nullum
1731 1993 1835 2024 ver-

414 2061 532 2110 bum
556 2079 613 2109 ex
637 2078 720 2108 ore
745 2070 913 2127 potens
935 2060 1169 2125 proferre,
1198 2060 1457 2106 obmutuit.
1492 2060 1675 2103 Interea
1707 2072 1837 2103 acce-

415 2141 638 2189 dentibus
655 2141 829 2199 ariolis,
852 2156 907 2187 ac
925 2138 1195 2186 dicentibus
1211 2155 1317 2185 eam
1339 2135 1589 2184 meridiani
1612 2133 1835 2181 daemonii

416 2220 660 2266 incursum
684 2218 806 2283 pati,
833 2217 1056 2280 ligamina
1089 2215 1349 2263 herbarum
1380 2224 1522 2278 atque
1552 2211 1838 2259 incantatio-

416 2313 534 2344 num
566 2296 712 2344 verba
751 2295 1081 2361 proferebant3
1126 2293 1208 2341 sed
1245 2294 1312 2339 nil
1349 2291 1676 2340 medicaminis
1705 2291 1838 2354 juxta

417 2390 603 2421 morem
634 2373 851 2420 conferre
883 2381 1104 2438 poterant
1138 2371 1374 2436 periturae.
1414 2373 1630 2433 Cumque
1663 2367 1839 2415 familia

418 2453 567 2500 mixto
586 2451 767 2498 ululatu
793 2459 1124 2515 perstreperet,
1153 2448 1276 2495 filius
1300 2449 1400 2512 ejus
1422 2447 1482 2494 ad
1508 2456 1702 2512 neptem
1726 2462 1839 2491 nos-

417 2540 541 2578 tram
573 2529 846 2576 Eusteniam
867 2529 878 2551 ¹
909 2526 1107 2574 anbelus
1131 2527 1358 2587 accurrit,
1389 2525 1615 2572 nuntians
1637 2531 1838 2570 matrem

427 2652 1837 2671 Μ

475 2743 530 2791 (1)
549 2739 644 2780 Cod.
666 2741 775 2788 Gat.,
792 2742 1012 2779 Exteniam.
1035 2737 1156 2787 Clar.,
1177 2740 1394 2775 Eustenam.
