<?xml version="1.0" encoding="UTF-8"?>
<!DOCTYPE html PUBLIC "-//W3C//DTD XHTML 1.0 Transitional//EN"
    "http://www.w3.org/TR/xhtml1/DTD/xhtml1-transitional.dtd">
<html xmlns="http://www.w3.org/1999/xhtml" xml:lang="en" lang="en">
 <head>
  <title>
</title>
<meta http-equiv="Content-Type" content="text/html;charset=utf-8" />
  <meta name='ocr-system' content='tesseract 3.04.00' />
  <meta name='ocr-capabilities' content='ocr_page ocr_carea ocr_par ocr_line ocrx_word'/>
</head>
<body>
  <div class='ocr_page' id='page_1' title='image "./leslivresdesmira02greguoft_0160.png"; bbox 0 0 2028 3458; ppageno 0'>
   <div class='ocr_carea' id='block_1_1' title="bbox 441 336 1645 374">
    <p class='ocr_par' dir='ltr' id='par_1_1' title="bbox 441 336 1645 374">
     <span class='ocr_line' id='line_1_1' title="bbox 441 336 1645 374; baseline 0 -1"><span class='ocrx_word' id='word_1_1' title='bbox 441 336 516 374; x_wconf 70' lang='lat'><strong>144</strong></span> <span class='ocrx_word' id='word_1_2' title='bbox 652 338 717 373; x_wconf 86' lang='lat' dir='ltr'><strong>DE</strong></span> <span class='ocrx_word' id='word_1_3' title='bbox 744 336 1041 374; x_wconf 85' lang='lat' dir='ltr'>VIRTUTIBUS</span> <span class='ocrx_word' id='word_1_4' title='bbox 1068 336 1243 374; x_wconf 74' lang='lat' dir='ltr'>SANCTI</span> <span class='ocrx_word' id='word_1_5' title='bbox 1271 337 1496 374; x_wconf 89' lang='lat' dir='ltr'><strong>MARTINI.</strong></span> <span class='ocrx_word' id='word_1_6' title='bbox 1524 357 1573 365; x_wconf 95' lang='lat'>—</span> <span class='ocrx_word' id='word_1_7' title='bbox 1593 336 1645 374; x_wconf 90' lang='lat'><strong>11.</strong></span> 
     </span>
    </p>
   </div>
   <div class='ocr_carea' id='block_1_2' title="bbox 438 424 1857 551">
    <p class='ocr_par' dir='ltr' id='par_1_2' title="bbox 438 424 1857 551">
     <span class='ocr_line' id='line_1_2' title="bbox 438 424 1857 490; baseline -0.001 -19"><span class='ocrx_word' id='word_1_8' title='bbox 438 441 492 471; x_wconf 84' lang='lat' dir='ltr'><strong>ex</strong></span> <span class='ocrx_word' id='word_1_9' title='bbox 518 424 667 471; x_wconf 82' lang='lat' dir='ltr'><strong>oculis</strong></span> <span class='ocrx_word' id='word_1_10' title='bbox 692 425 938 488; x_wconf 83' lang='lat' dir='ltr'><strong>sanguine,</strong></span> <span class='ocrx_word' id='word_1_11' title='bbox 973 424 1161 489; x_wconf 90' lang='lat' dir='ltr'><strong>lateque</strong></span> <span class='ocrx_word' id='word_1_12' title='bbox 1187 425 1290 472; x_wconf 89' lang='lat' dir='ltr'><strong>visu</strong></span> <span class='ocrx_word' id='word_1_13' title='bbox 1322 435 1539 490; x_wconf 85' lang='lat' dir='ltr'><strong>patente,</strong></span> <span class='ocrx_word' id='word_1_14' title='bbox 1563 434 1735 473; x_wconf 87' lang='lat' dir='ltr'><strong>cuncta</strong></span> <span class='ocrx_word' id='word_1_15' title='bbox 1754 440 1857 472; x_wconf 88' lang='lat' dir='ltr'><strong>cer·</strong></span> 
     </span>
     <span class='ocr_line' id='line_1_3' title="bbox 442 513 871 551; baseline 0 -2"><span class='ocrx_word' id='word_1_16' title='bbox 442 520 553 550; x_wconf 87' lang='lat' dir='ltr'><strong>nere</strong></span> <span class='ocrx_word' id='word_1_17' title='bbox 578 513 871 551; x_wconf 89' lang='lat' dir='ltr'><strong>meruerunt.</strong></span> 
     </span>
    </p>
   </div>
   <div class='ocr_carea' id='block_1_3' title="bbox 1004 707 1301 745">
    <p class='ocr_par' dir='ltr' id='par_1_3' title="bbox 1004 707 1301 745">
     <span class='ocr_line' id='line_1_4' title="bbox 1004 707 1301 745; baseline 0.01 -4"><span class='ocrx_word' id='word_1_18' title='bbox 1004 707 1163 742; x_wconf 82' lang='lat' dir='ltr'>CAPUT</span> <span class='ocrx_word' id='word_1_19' title='bbox 1182 707 1301 745; x_wconf 87' lang='lat' dir='ltr'><strong>XXX.</strong></span> 
     </span>
    </p>
   </div>
   <div class='ocr_carea' id='block_1_4' title="bbox 983 791 1322 827">
    <p class='ocr_par' dir='ltr' id='par_1_4' title="bbox 983 791 1322 827">
     <span class='ocr_line' id='line_1_5' title="bbox 983 791 1322 827; baseline 0.009 -3"><span class='ocrx_word' id='word_1_20' title='bbox 983 792 1036 825; x_wconf 89' lang='lat' dir='ltr'><strong>De</strong></span> <span class='ocrx_word' id='word_1_21' title='bbox 1052 791 1199 826; x_wconf 87' lang='lat' dir='ltr'><strong>muliere</strong></span> <span class='ocrx_word' id='word_1_22' title='bbox 1212 800 1322 827; x_wconf 87' lang='lat' dir='ltr'><strong>muta.</strong></span> 
     </span>
    </p>
   </div>
   <div class='ocr_carea' id='block_1_5' title="bbox 437 885 1871 2020">
    <p class='ocr_par' dir='ltr' id='par_1_5' title="bbox 437 885 1871 2020">
     <span class='ocr_line' id='line_1_6' title="bbox 503 885 1863 954; baseline 0.002 -21"><span class='ocrx_word' id='word_1_23' title='bbox 503 886 671 940; x_wconf 81' lang='lat' dir='ltr'>Mulier</span> <span class='ocrx_word' id='word_1_24' title='bbox 693 885 931 950; x_wconf 78' lang='lat' dir='ltr'><strong>quaedam,</strong></span> <span class='ocrx_word' id='word_1_25' title='bbox 963 887 1100 951; x_wconf 84' lang='lat' dir='ltr'><strong>cujus</strong></span> <span class='ocrx_word' id='word_1_26' title='bbox 1133 905 1189 935; x_wconf 90' lang='lat' dir='ltr'><strong>os</strong></span> <span class='ocrx_word' id='word_1_27' title='bbox 1217 889 1438 954; x_wconf 86' lang='lat' dir='ltr'><strong>patulum</strong></span> <span class='ocrx_word' id='word_1_28' title='bbox 1470 888 1649 936; x_wconf 88' lang='lat' dir='ltr'><strong>humor</strong></span> <span class='ocrx_word' id='word_1_29' title='bbox 1687 890 1863 936; x_wconf 89' lang='lat' dir='ltr'><strong>nimius</strong></span> 
     </span>
     <span class='ocr_line' id='line_1_7' title="bbox 438 964 1860 1031; baseline 0.002 -20"><span class='ocrx_word' id='word_1_30' title='bbox 438 982 551 1017; x_wconf 84' lang='lat' dir='ltr'><strong>cnm</strong></span> <span class='ocrx_word' id='word_1_31' title='bbox 590 964 719 1012; x_wconf 74' lang='lat' dir='ltr'><strong>febne</strong></span> <span class='ocrx_word' id='word_1_32' title='bbox 751 965 994 1029; x_wconf 82' lang='lat' dir='ltr'><strong>ligaverat,</strong></span> <span class='ocrx_word' id='word_1_33' title='bbox 1032 976 1085 1013; x_wconf 91' lang='lat' dir='ltr'><strong>ut</strong></span> <span class='ocrx_word' id='word_1_34' title='bbox 1120 984 1209 1014; x_wconf 90' lang='lat' dir='ltr'><strong>nec</strong></span> <span class='ocrx_word' id='word_1_35' title='bbox 1238 967 1451 1031; x_wconf 86' lang='lat' dir='ltr'>linguam</span> <span class='ocrx_word' id='word_1_36' title='bbox 1487 984 1650 1031; x_wconf 85' lang='lat' dir='ltr'><strong>regere</strong></span> <span class='ocrx_word' id='word_1_37' title='bbox 1683 978 1860 1031; x_wconf 89' lang='lat' dir='ltr'><strong>posset,</strong></span> 
     </span>
     <span class='ocr_line' id='line_1_8' title="bbox 437 1043 1862 1108; baseline 0 -18"><span class='ocrx_word' id='word_1_38' title='bbox 437 1043 520 1091; x_wconf 91' lang='lat' dir='ltr'><strong>sed</strong></span> <span class='ocrx_word' id='word_1_39' title='bbox 540 1053 725 1090; x_wconf 84' lang='lat' dir='ltr'><strong>tantum</strong></span> <span class='ocrx_word' id='word_1_40' title='bbox 753 1045 987 1108; x_wconf 88' lang='lat' dir='ltr'><strong>mugitum</strong></span> <span class='ocrx_word' id='word_1_41' title='bbox 1010 1054 1061 1091; x_wconf 88' lang='lat' dir='ltr'><strong>ut</strong></span> <span class='ocrx_word' id='word_1_42' title='bbox 1081 1044 1260 1092; x_wconf 89' lang='lat' dir='ltr'><strong>animal</strong></span> <span class='ocrx_word' id='word_1_43' title='bbox 1279 1082 1290 1102; x_wconf 93' lang='lat'><strong>,</strong></span> <span class='ocrx_word' id='word_1_44' title='bbox 1315 1062 1414 1092; x_wconf 89' lang='lat' dir='ltr'><strong>non</strong></span> <span class='ocrx_word' id='word_1_45' title='bbox 1442 1061 1610 1091; x_wconf 89' lang='lat' dir='ltr'><strong>vocem</strong></span> <span class='ocrx_word' id='word_1_46' title='bbox 1640 1054 1689 1091; x_wconf 89' lang='lat' dir='ltr'><strong>ut</strong></span> <span class='ocrx_word' id='word_1_47' title='bbox 1712 1044 1862 1091; x_wconf 87' lang='lat' dir='ltr'><strong>homo</strong></span> 
     </span>
     <span class='ocr_line' id='line_1_9' title="bbox 437 1120 1861 1185; baseline -0.001 -18"><span class='ocrx_word' id='word_1_48' title='bbox 437 1130 623 1185; x_wconf 84' lang='lat' dir='ltr'><strong>poterat</strong></span> <span class='ocrx_word' id='word_1_49' title='bbox 655 1121 892 1182; x_wconf 80' lang='lat' dir='ltr'><strong>emittere,</strong></span> <span class='ocrx_word' id='word_1_50' title='bbox 932 1120 1026 1168; x_wconf 88' lang='lat' dir='ltr'><strong>fide</strong></span> <span class='ocrx_word' id='word_1_51' title='bbox 1059 1122 1335 1185; x_wconf 86' lang='lat' dir='ltr'><strong>instigante,</strong></span> <span class='ocrx_word' id='word_1_52' title='bbox 1369 1139 1481 1169; x_wconf 90' lang='lat' dir='ltr'><strong>cum</strong></span> <span class='ocrx_word' id='word_1_53' title='bbox 1514 1137 1688 1185; x_wconf 84' lang='lat' dir='ltr'><strong>magna</strong></span> <span class='ocrx_word' id='word_1_54' title='bbox 1715 1121 1861 1167; x_wconf 85' lang='lat' dir='ltr'><strong>animi</strong></span> 
     </span>
     <span class='ocr_line' id='line_1_10' title="bbox 439 1196 1864 1263; baseline -0.002 -18"><span class='ocrx_word' id='word_1_55' title='bbox 439 1197 748 1257; x_wconf 75' lang='lat' dir='ltr'><strong>confidentia,</strong></span> <span class='ocrx_word' id='word_1_56' title='bbox 771 1198 889 1246; x_wconf 87' lang='lat' dir='ltr'><strong>atria</strong></span> <span class='ocrx_word' id='word_1_57' title='bbox 920 1196 1049 1246; x_wconf 87' lang='lat' dir='ltr'><strong>beati</strong></span> <span class='ocrx_word' id='word_1_58' title='bbox 1072 1198 1357 1246; x_wconf 85' lang='lat' dir='ltr'><strong>confessoris</strong></span> <span class='ocrx_word' id='word_1_59' title='bbox 1381 1198 1652 1263; x_wconf 84' lang='lat' dir='ltr'><strong>aggreditur</strong></span> <span class='ocrx_word' id='word_1_60' title='bbox 1671 1217 1683 1257; x_wconf 76' lang='lat'><em>3</em></span> <span class='ocrx_word' id='word_1_61' title='bbox 1704 1196 1864 1260; x_wconf 85' lang='lat' dir='ltr'><strong>ibique</strong></span> 
     </span>
     <span class='ocr_line' id='line_1_11' title="bbox 439 1271 1866 1339; baseline -0.003 -19"><span class='ocrx_word' id='word_1_62' title='bbox 439 1272 600 1320; x_wconf 87' lang='lat' dir='ltr'><strong>multis</strong></span> <span class='ocrx_word' id='word_1_63' title='bbox 637 1272 806 1320; x_wconf 88' lang='lat' dir='ltr'><strong>diebus</strong></span> <span class='ocrx_word' id='word_1_64' title='bbox 842 1272 1083 1334; x_wconf 84' lang='lat' dir='ltr'><strong>residens,</strong></span> <span class='ocrx_word' id='word_1_65' title='bbox 1125 1283 1170 1321; x_wconf 88' lang='lat' dir='ltr'><strong>et</strong></span> <span class='ocrx_word' id='word_1_66' title='bbox 1207 1274 1379 1339; x_wconf 82' lang='lat' dir='ltr'><strong>stipem</strong></span> <span class='ocrx_word' id='word_1_67' title='bbox 1414 1272 1554 1321; x_wconf 82' lang='lat' dir='ltr'><strong>simul</strong></span> <span class='ocrx_word' id='word_1_68' title='bbox 1587 1282 1729 1336; x_wconf 82' lang='lat' dir='ltr'><strong>atque</strong></span> <span class='ocrx_word' id='word_1_69' title='bbox 1771 1271 1866 1317; x_wconf 89' lang='lat' dir='ltr'><strong>oris</strong></span> 
     </span>
     <span class='ocr_line' id='line_1_12' title="bbox 442 1346 1867 1413; baseline -0.003 -18"><span class='ocrx_word' id='word_1_70' title='bbox 442 1348 742 1413; x_wconf 89' lang='lat' dir='ltr'><strong>apertionem</strong></span> <span class='ocrx_word' id='word_1_71' title='bbox 769 1347 1016 1413; x_wconf 86' lang='lat' dir='ltr'><strong>postulans</strong></span> <span class='ocrx_word' id='word_1_72' title='bbox 1034 1384 1046 1407; x_wconf 94' lang='lat'><strong><em>‚</em></strong></span> <span class='ocrx_word' id='word_1_73' title='bbox 1071 1349 1267 1396; x_wconf 88' lang='lat' dir='ltr'><strong>tandem</strong></span> <span class='ocrx_word' id='word_1_74' title='bbox 1290 1365 1317 1395; x_wconf 93' lang='lat' dir='ltr'><strong>a</strong></span> <span class='ocrx_word' id='word_1_75' title='bbox 1343 1349 1494 1396; x_wconf 85' lang='lat' dir='ltr'><strong>sancti</strong></span> <span class='ocrx_word' id='word_1_76' title='bbox 1516 1348 1689 1394; x_wconf 86' lang='lat' dir='ltr'><strong>virtute</strong></span> <span class='ocrx_word' id='word_1_77' title='bbox 1714 1346 1867 1410; x_wconf 87' lang='lat' dir='ltr'><strong>respi-</strong></span> 
     </span>
     <span class='ocr_line' id='line_1_13' title="bbox 441 1424 1868 1492; baseline -0.002 -19"><span class='ocrx_word' id='word_1_78' title='bbox 441 1426 580 1473; x_wconf 81' lang='lat' dir='ltr'><strong>citur.</strong></span> <span class='ocrx_word' id='word_1_79' title='bbox 596 1428 716 1473; x_wconf 87' lang='lat' dir='ltr'><strong>Nam</strong></span> <span class='ocrx_word' id='word_1_80' title='bbox 726 1425 935 1490; x_wconf 84' lang='lat' dir='ltr'><strong>quadam</strong></span> <span class='ocrx_word' id='word_1_81' title='bbox 953 1425 1029 1473; x_wconf 87' lang='lat' dir='ltr'><strong>die</strong></span> <span class='ocrx_word' id='word_1_82' title='bbox 1039 1425 1283 1473; x_wconf 87' lang='lat' dir='ltr'><strong>dominica</strong></span> <span class='ocrx_word' id='word_1_83' title='bbox 1300 1426 1417 1473; x_wconf 88' lang='lat' dir='ltr'><strong>dum</strong></span> <span class='ocrx_word' id='word_1_84' title='bbox 1434 1426 1684 1472; x_wconf 83' lang='lat' dir='ltr'><strong>missarum</strong></span> <span class='ocrx_word' id='word_1_85' title='bbox 1697 1424 1868 1492; x_wconf 79' lang='lat' dir='ltr'><strong>solem-</strong></span> 
     </span>
     <span class='ocr_line' id='line_1_14' title="bbox 440 1503 1866 1566; baseline -0.002 -15"><span class='ocrx_word' id='word_1_86' title='bbox 440 1505 521 1551; x_wconf 90' lang='lat' dir='ltr'><strong>nia</strong></span> <span class='ocrx_word' id='word_1_87' title='bbox 549 1504 926 1565; x_wconf 87' lang='lat' dir='ltr'><strong>celebrarentur,</strong></span> <span class='ocrx_word' id='word_1_88' title='bbox 952 1504 1054 1551; x_wconf 89' lang='lat' dir='ltr'><strong>haec</strong></span> <span class='ocrx_word' id='word_1_89' title='bbox 1073 1505 1122 1551; x_wconf 91' lang='lat' dir='ltr'><strong>in</strong></span> <span class='ocrx_word' id='word_1_90' title='bbox 1140 1514 1303 1552; x_wconf 91' lang='lat' dir='ltr'><strong>sancta</strong></span> <span class='ocrx_word' id='word_1_91' title='bbox 1328 1504 1523 1551; x_wconf 86' lang='lat' dir='ltr'><strong>basilica</strong></span> <span class='ocrx_word' id='word_1_92' title='bbox 1545 1521 1655 1551; x_wconf 89' lang='lat' dir='ltr'><strong>cum</strong></span> <span class='ocrx_word' id='word_1_93' title='bbox 1681 1503 1866 1566; x_wconf 84' lang='lat' dir='ltr'><strong>reliquo</strong></span> 
     </span>
     <span class='ocr_line' id='line_1_15' title="bbox 440 1580 1867 1647; baseline -0.001 -20"><span class='ocrx_word' id='word_1_94' title='bbox 440 1581 623 1647; x_wconf 89' lang='lat' dir='ltr'><strong>populo</strong></span> <span class='ocrx_word' id='word_1_95' title='bbox 646 1582 816 1630; x_wconf 90' lang='lat' dir='ltr'><strong>stabat.</strong></span> <span class='ocrx_word' id='word_1_96' title='bbox 842 1585 1039 1629; x_wconf 89' lang='lat' dir='ltr'><strong>Factum</strong></span> <span class='ocrx_word' id='word_1_97' title='bbox 1057 1592 1127 1630; x_wconf 88' lang='lat' dir='ltr'><strong>est</strong></span> <span class='ocrx_word' id='word_1_98' title='bbox 1141 1592 1301 1630; x_wconf 83' lang='lat' dir='ltr'><strong>autern</strong></span> <span class='ocrx_word' id='word_1_99' title='bbox 1324 1599 1435 1630; x_wconf 90' lang='lat' dir='ltr'><strong>cum</strong></span> <span class='ocrx_word' id='word_1_100' title='bbox 1453 1581 1697 1629; x_wconf 86' lang='lat' dir='ltr'><strong>dominica</strong></span> <span class='ocrx_word' id='word_1_101' title='bbox 1715 1580 1867 1626; x_wconf 86' lang='lat' dir='ltr'><strong>oratio</strong></span> 
     </span>
     <span class='ocr_line' id='line_1_16' title="bbox 441 1659 1867 1725; baseline -0.002 -19"><span class='ocrx_word' id='word_1_102' title='bbox 441 1659 695 1720; x_wconf 87' lang='lat' dir='ltr'><strong>diceretur,</strong></span> <span class='ocrx_word' id='word_1_103' title='bbox 723 1669 771 1707; x_wconf 89' lang='lat' dir='ltr'><strong>et</strong></span> <span class='ocrx_word' id='word_1_104' title='bbox 786 1659 886 1707; x_wconf 88' lang='lat' dir='ltr'><strong>haec</strong></span> <span class='ocrx_word' id='word_1_105' title='bbox 908 1671 1075 1725; x_wconf 87' lang='lat' dir='ltr'><strong>aperto</strong></span> <span class='ocrx_word' id='word_1_106' title='bbox 1096 1676 1180 1707; x_wconf 87' lang='lat' dir='ltr'><strong>ore</strong></span> <span class='ocrx_word' id='word_1_107' title='bbox 1200 1661 1345 1725; x_wconf 85' lang='lat' dir='ltr'><strong>coepit</strong></span> <span class='ocrx_word' id='word_1_108' title='bbox 1360 1670 1574 1708; x_wconf 84' lang='lat' dir='ltr'><strong>sanctam</strong></span> <span class='ocrx_word' id='word_1_109' title='bbox 1597 1659 1867 1706; x_wconf 89' lang='lat' dir='ltr'><strong>orationem</strong></span> 
     </span>
     <span class='ocr_line' id='line_1_17' title="bbox 439 1735 1869 1804; baseline -0.003 -19"><span class='ocrx_word' id='word_1_110' title='bbox 439 1754 552 1785; x_wconf 87' lang='lat' dir='ltr'><strong>cum</strong></span> <span class='ocrx_word' id='word_1_111' title='bbox 575 1738 767 1803; x_wconf 84' lang='lat' dir='ltr'><strong>reliquis</strong></span> <span class='ocrx_word' id='word_1_112' title='bbox 799 1738 1074 1786; x_wconf 89' lang='lat' dir='ltr'><strong>decantare.</strong></span> <span class='ocrx_word' id='word_1_113' title='bbox 1102 1741 1207 1804; x_wconf 89' lang='lat' dir='ltr'><strong>Ipsa</strong></span> <span class='ocrx_word' id='word_1_114' title='bbox 1231 1748 1391 1786; x_wconf 86' lang='lat' dir='ltr'><strong>autem</strong></span> <span class='ocrx_word' id='word_1_115' title='bbox 1423 1755 1535 1785; x_wconf 90' lang='lat' dir='ltr'><strong>cum</strong></span> <span class='ocrx_word' id='word_1_116' title='bbox 1566 1738 1683 1800; x_wconf 88' lang='lat' dir='ltr'><strong>jugo</strong></span> <span class='ocrx_word' id='word_1_117' title='bbox 1716 1735 1869 1783; x_wconf 82' lang='lat' dir='ltr'><strong>servi-</strong></span> 
     </span>
     <span class='ocr_line' id='line_1_18' title="bbox 440 1813 1871 1875; baseline -0.001 -14"><span class='ocrx_word' id='word_1_118' title='bbox 440 1816 552 1862; x_wconf 88' lang='lat' dir='ltr'><strong>tutis</strong></span> <span class='ocrx_word' id='word_1_119' title='bbox 602 1815 859 1864; x_wconf 87' lang='lat' dir='ltr'><strong>haberetur</strong></span> <span class='ocrx_word' id='word_1_120' title='bbox 895 1817 1080 1875; x_wconf 88' lang='lat' dir='ltr'><strong>vincta,</strong></span> <span class='ocrx_word' id='word_1_121' title='bbox 1126 1816 1187 1864; x_wconf 93' lang='lat' dir='ltr'><strong>de</strong></span> <span class='ocrx_word' id='word_1_122' title='bbox 1230 1816 1374 1864; x_wconf 88' lang='lat' dir='ltr'><strong>rebus</strong></span> <span class='ocrx_word' id='word_1_123' title='bbox 1413 1816 1541 1863; x_wconf 87' lang='lat' dir='ltr'><strong>beati</strong></span> <span class='ocrx_word' id='word_1_124' title='bbox 1583 1813 1871 1862; x_wconf 84' lang='lat' dir='ltr'><strong>confessoris</strong></span> 
     </span>
     <span class='ocr_line' id='line_1_19' title="bbox 441 1893 1871 1959; baseline -0.003 -19"><span class='ocrx_word' id='word_1_125' title='bbox 441 1893 688 1959; x_wconf 89' lang='lat' dir='ltr'><strong>redempta</strong></span> <span class='ocrx_word' id='word_1_126' title='bbox 709 1904 780 1941; x_wconf 91' lang='lat' dir='ltr'><strong>est</strong></span> <span class='ocrx_word' id='word_1_127' title='bbox 802 1913 812 1940; x_wconf 80' lang='lat' dir='ltr'><em>z</em></span> <span class='ocrx_word' id='word_1_128' title='bbox 839 1904 885 1942; x_wconf 88' lang='lat' dir='ltr'><strong>et</strong></span> <span class='ocrx_word' id='word_1_129' title='bbox 902 1911 1034 1942; x_wconf 89' lang='lat' dir='ltr'><strong>nunc</strong></span> <span class='ocrx_word' id='word_1_130' title='bbox 1058 1911 1171 1942; x_wconf 90' lang='lat' dir='ltr'><strong>cum</strong></span> <span class='ocrx_word' id='word_1_131' title='bbox 1197 1895 1329 1941; x_wconf 88' lang='lat' dir='ltr'><strong>vocis</strong></span> <span class='ocrx_word' id='word_1_132' title='bbox 1352 1894 1515 1942; x_wconf 82' lang='lat' dir='ltr'><strong>officio</strong></span> <span class='ocrx_word' id='word_1_133' title='bbox 1539 1894 1746 1957; x_wconf 87' lang='lat' dir='ltr'><strong>ingenua</strong></span> <span class='ocrx_word' id='word_1_134' title='bbox 1765 1907 1871 1955; x_wconf 85' lang='lat' dir='ltr'><strong>per·</strong></span> 
     </span>
     <span class='ocr_line' id='line_1_20' title="bbox 444 1980 639 2020; baseline 0 -2"><span class='ocrx_word' id='word_1_135' title='bbox 444 1980 639 2020; x_wconf 84' lang='lat' dir='ltr'><strong>severat.</strong></span> 
     </span>
    </p>
   </div>
   <div class='ocr_carea' id='block_1_6' title="bbox 994 2129 1307 2165">
    <p class='ocr_par' dir='ltr' id='par_1_6' title="bbox 994 2129 1307 2165">
     <span class='ocr_line' id='line_1_21' title="bbox 994 2129 1307 2165; baseline -0.003 0"><span class='ocrx_word' id='word_1_136' title='bbox 994 2130 1152 2165; x_wconf 83' lang='lat' dir='ltr'><strong>CAPUT</strong></span> <span class='ocrx_word' id='word_1_137' title='bbox 1167 2129 1307 2164; x_wconf 88' lang='lat' dir='ltr'>XXXI.</span> 
     </span>
    </p>
   </div>
   <div class='ocr_carea' id='block_1_7' title="bbox 937 2213 1377 2249">
    <p class='ocr_par' dir='ltr' id='par_1_7' title="bbox 937 2213 1377 2249">
     <span class='ocr_line' id='line_1_22' title="bbox 937 2213 1377 2249; baseline 0.002 -1"><span class='ocrx_word' id='word_1_138' title='bbox 937 2215 987 2248; x_wconf 85' lang='lat' dir='ltr'><strong>De</strong></span> <span class='ocrx_word' id='word_1_139' title='bbox 1004 2214 1069 2248; x_wconf 83' lang='lat' dir='ltr'><strong>alia</strong></span> <span class='ocrx_word' id='word_1_140' title='bbox 1091 2214 1238 2249; x_wconf 88' lang='lat' dir='ltr'><strong>muliere</strong></span> <span class='ocrx_word' id='word_1_141' title='bbox 1255 2213 1377 2249; x_wconf 87' lang='lat' dir='ltr'><strong>debili.</strong></span> 
     </span>
    </p>
   </div>
   <div class='ocr_carea' id='block_1_8' title="bbox 447 2308 1873 2686">
    <p class='ocr_par' dir='ltr' id='par_1_8' title="bbox 447 2308 1873 2686">
     <span class='ocr_line' id='line_1_23' title="bbox 513 2308 1872 2358; baseline -0.001 -2"><span class='ocrx_word' id='word_1_142' title='bbox 513 2312 606 2356; x_wconf 90' lang='lat' dir='ltr'><strong>Nec</strong></span> <span class='ocrx_word' id='word_1_143' title='bbox 628 2310 801 2357; x_wconf 90' lang='lat' dir='ltr'><strong>minori</strong></span> <span class='ocrx_word' id='word_1_144' title='bbox 824 2310 1055 2357; x_wconf 87' lang='lat' dir='ltr'><strong>miraculo</strong></span> <span class='ocrx_word' id='word_1_145' title='bbox 1076 2327 1124 2357; x_wconf 90' lang='lat' dir='ltr'><strong>se</strong></span> <span class='ocrx_word' id='word_1_146' title='bbox 1142 2310 1309 2358; x_wconf 86' lang='lat' dir='ltr'><strong>beatus</strong></span> <span class='ocrx_word' id='word_1_147' title='bbox 1321 2311 1393 2356; x_wconf 89' lang='lat' dir='ltr'><strong>vir</strong></span> <span class='ocrx_word' id='word_1_148' title='bbox 1415 2308 1578 2357; x_wconf 85' lang='lat' dir='ltr'><strong>adesse</strong></span> <span class='ocrx_word' id='word_1_149' title='bbox 1593 2310 1872 2356; x_wconf 86' lang='lat' dir='ltr'><strong>invocatum</strong></span> 
     </span>
     <span class='ocr_line' id='line_1_24' title="bbox 447 2387 1866 2453; baseline 0.001 -20"><span class='ocrx_word' id='word_1_150' title='bbox 447 2387 671 2434; x_wconf 86' lang='lat' dir='ltr'><strong>ostendit.</strong></span> <span class='ocrx_word' id='word_1_151' title='bbox 694 2390 838 2452; x_wconf 80' lang='lat' dir='ltr'><strong>Apra&#39;</strong></span> <span class='ocrx_word' id='word_1_152' title='bbox 857 2388 1076 2452; x_wconf 83' lang='lat' dir='ltr'><strong>quoedam</strong></span> <span class='ocrx_word' id='word_1_153' title='bbox 1092 2388 1327 2452; x_wconf 80' lang='lat' dir='ltr'><strong>religiosa,</strong></span> <span class='ocrx_word' id='word_1_154' title='bbox 1343 2388 1389 2434; x_wconf 88' lang='lat' dir='ltr'><strong>vi</strong></span> <span class='ocrx_word' id='word_1_155' title='bbox 1406 2387 1608 2434; x_wconf 73' lang='lat' dir='ltr'><strong>febrium</strong></span> <span class='ocrx_word' id='word_1_156' title='bbox 1621 2403 1866 2453; x_wconf 87' lang='lat' dir='ltr'><strong>oppressa,</strong></span> 
     </span>
     <span class='ocr_line' id='line_1_25' title="bbox 447 2464 1873 2530; baseline -0.002 -17"><span class='ocrx_word' id='word_1_157' title='bbox 447 2481 644 2513; x_wconf 90' lang='lat' dir='ltr'><strong>omnem</strong></span> <span class='ocrx_word' id='word_1_158' title='bbox 664 2482 804 2512; x_wconf 90' lang='lat' dir='ltr'><strong>usum</strong></span> <span class='ocrx_word' id='word_1_159' title='bbox 826 2465 1172 2526; x_wconf 87' lang='lat' dir='ltr'><strong>membrorum,</strong></span> <span class='ocrx_word' id='word_1_160' title='bbox 1199 2466 1301 2513; x_wconf 85' lang='lat' dir='ltr'><strong>sola</strong></span> <span class='ocrx_word' id='word_1_161' title='bbox 1324 2475 1510 2513; x_wconf 86' lang='lat' dir='ltr'><strong>tantum</strong></span> <span class='ocrx_word' id='word_1_162' title='bbox 1536 2465 1697 2530; x_wconf 84' lang='lat' dir='ltr'><strong>lingua</strong></span> <span class='ocrx_word' id='word_1_163' title='bbox 1722 2464 1873 2512; x_wconf 87' lang='lat' dir='ltr'><strong>famu-</strong></span> 
     </span>
     <span class='ocr_line' id='line_1_26' title="bbox 447 2541 1873 2608; baseline -0.002 -18"><span class='ocrx_word' id='word_1_164' title='bbox 447 2541 594 2603; x_wconf 88' lang='lat' dir='ltr'><strong>lante,</strong></span> <span class='ocrx_word' id='word_1_165' title='bbox 614 2542 904 2608; x_wconf 88' lang='lat' dir='ltr'><strong>perdiderat.</strong></span> <span class='ocrx_word' id='word_1_166' title='bbox 927 2546 1046 2590; x_wconf 88' lang='lat' dir='ltr'><strong>Nam</strong></span> <span class='ocrx_word' id='word_1_167' title='bbox 1062 2561 1173 2590; x_wconf 89' lang='lat' dir='ltr'><strong>cum</strong></span> <span class='ocrx_word' id='word_1_168' title='bbox 1193 2543 1416 2591; x_wconf 87' lang='lat' dir='ltr'><strong>manibus</strong></span> <span class='ocrx_word' id='word_1_169' title='bbox 1437 2543 1576 2590; x_wconf 88' lang='lat' dir='ltr'><strong>simul</strong></span> <span class='ocrx_word' id='word_1_170' title='bbox 1597 2559 1653 2590; x_wconf 87' lang='lat' dir='ltr'><strong>ac</strong></span> <span class='ocrx_word' id='word_1_171' title='bbox 1671 2541 1873 2607; x_wconf 88' lang='lat' dir='ltr'><strong>pedibus</strong></span> 
     </span>
     <span class='ocr_line' id='line_1_27' title="bbox 448 2610 1873 2686; baseline -0.001 -18"><span class='ocrx_word' id='word_1_172' title='bbox 448 2621 705 2669; x_wconf 87' lang='lat' dir='ltr'><strong>contractis</strong></span> <span class='ocrx_word' id='word_1_173' title='bbox 741 2620 937 2684; x_wconf 87' lang='lat' dir='ltr'><strong>jaceret,</strong></span> <span class='ocrx_word' id='word_1_174' title='bbox 987 2631 1034 2668; x_wconf 91' lang='lat' dir='ltr'><strong>et</strong></span> <span class='ocrx_word' id='word_1_175' title='bbox 1071 2621 1146 2668; x_wconf 90' lang='lat' dir='ltr'><strong>die</strong></span> <span class='ocrx_word' id='word_1_176' title='bbox 1190 2610 1432 2686; x_wconf 86' lang='lat' dir='ltr'><strong>noctuque</strong></span> <span class='ocrx_word' id='word_1_177' title='bbox 1475 2620 1603 2668; x_wconf 86' lang='lat' dir='ltr'><strong>beati</strong></span> <span class='ocrx_word' id='word_1_178' title='bbox 1642 2620 1873 2685; x_wconf 86' lang='lat' dir='ltr'><strong>flagitaret</strong></span> 
     </span>
    </p>
   </div>
   <div class='ocr_carea' id='block_1_9' title="bbox 504 2834 1059 2885">
    <p class='ocr_par' dir='ltr' id='par_1_9' title="bbox 504 2834 1059 2885">
     <span class='ocr_line' id='line_1_28' title="bbox 504 2834 1059 2885; baseline -0.004 -11"><span class='ocrx_word' id='word_1_179' title='bbox 504 2837 561 2885; x_wconf 80' lang='grc'><strong>(1)</strong></span> <span class='ocrx_word' id='word_1_180' title='bbox 580 2834 659 2874; x_wconf 80' lang='lat' dir='ltr'><strong>Alii</strong></span> <span class='ocrx_word' id='word_1_181' title='bbox 675 2848 764 2876; x_wconf 84' lang='lat' dir='ltr'><strong>mss.</strong></span> <span class='ocrx_word' id='word_1_182' title='bbox 792 2835 921 2883; x_wconf 78' lang='lat' dir='ltr'><strong>Abra,</strong></span> <span class='ocrx_word' id='word_1_183' title='bbox 948 2836 1059 2884; x_wconf 80' lang='lat' dir='ltr'><strong>Afra.</strong></span> 
     </span>
    </p>
   </div>
  </div>
 </body>
</html>
