2028 3458
402 295 476 331 174
615 295 681 330 DE
713 292 1004 330 VIRTUTIBUS
1038 294 1209 330 SANCTI
1246 293 1603 330 MART1N1.—H.

401 381 538 427 labiis
560 380 818 438 osculatur,
836 379 1056 442 lacrymis
1079 380 1217 443 rigat,
1244 396 1364 427 voce
1385 380 1514 427 beati
1536 380 1821 427 confessoris

401 459 628 506 auxilium
654 458 894 522 implorat,
913 457 1008 504 fide
1030 474 1128 504 non
1155 458 1340 506 diffisus
1363 459 1559 506 solitum
1579 458 1821 524 praestola—

401 538 540 585 batur
564 535 808 583 auxilium.
830 535 1048 599 Denique
1072 536 1398 583 sacerdotibus
1414 539 1498 601 qui
1509 537 1819 596 advenerant,

400 615 463 662 ad
496 612 679 677 agenda
716 613 950 659 solemnia
981 613 1373 677 procedentibus,
1407 632 1520 661 curn
1553 614 1721 674 lector,
1745 615 1820 661 cui

401 690 587 755 legendi
621 700 722 737 erat
756 689 968 736 officium
983 727 995 751 ,
1042 690 1335 749 advenisset,
1382 702 1429 739 et
1465 702 1655 756 arrepto
1698 692 1822 739 libro

401 769 543 815 vitam
568 767 717 815 sancti
742 763 963 831 coepisset
985 766 1141 831 legere
1165 768 1450 816 confessoris
1465 805 1477 829 ‚
1504 770 1722 834 protinus
1746 768 1822 814 hic

400 854 530 891 recto
552 844 752 892 brachio
782 860 926 891 sanus
951 844 1162 906 erigitur,
1191 854 1238 891 et
1266 845 1590 910 spectantibus
1612 846 1818 902 cunctis,

400 922 616 986 praesidia
638 939 744 985 quae
764 921 967 968 fideliter
986 922 1123 986 petiit
1145 923 1435 987 impetravit.

996 1058 1151 1092 CAPUT
1183 1058 1226 1093 L.

915 1141 968 1174 De
988 1152 1080 1175 caeco
1100 1140 1312 1175 illuminato.

464 1235 540 1281 Sic
564 1245 610 1281 et
633 1250 783 1281 caecus
806 1235 855 1280 in
874 1234 1043 1282 eadem
1069 1235 1316 1283 festivitate
1341 1235 1539 1300 supplex
1561 1235 1824 1298 implorans

400 1312 722 1376 receptionem
746 1312 958 1371 visionis,
987 1322 1039 1359 ut
1063 1311 1291 1376 pallulam
1315 1313 1491 1376 attigit,
1516 1328 1623 1376 quae
1651 1328 1679 1359 a
1710 1312 1823 1358 foris

400 1389 462 1436 ad
487 1389 632 1453 pedes
658 1390 809 1436 sancti
826 1390 887 1436 de
912 1390 1091 1455 pariete
1117 1391 1373 1456 dependet,
1403 1408 1517 1437 mox
1541 1400 1823 1454 erumpente

400 1482 428 1513 a
458 1466 698 1532 palpebris
722 1468 972 1532 sanguine,
994 1478 1111 1516 teste
1134 1469 1336 1534 populo,
1364 1470 1519 1516 visum
1540 1469 1733 1532 recepit.

993 1626 1149 1660 CAPUT
1166 1626 1226 1661 LI.

948 1709 999 1741 De
1028 1707 1271 1754 dysentericis

465 1803 583 1849 Cum
605 1812 766 1850 autem
792 1803 991 1851 morbus
1023 1803 1101 1852 ille
1133 1805 1462 1869 dysentericus
1496 1821 1608 1851 cum
1627 1805 1824 1851 occultis

399 1879 601 1943 pustulis
625 1880 798 1927 multas
822 1889 1044 1929 attereret
1058 1883 1289 1941 civitates,
1307 1899 1362 1930 ac
1380 1883 1503 1929 inter
1524 1882 1705 1946 reliqua
1719 1883 1823 1929 loca

400 1955 512 2002 urbs
535 1960 569 2001 T
574 1958 770 2004 uronica
792 1959 981 2022 gravius
1004 1959 1261 2018 laboraret,
1281 1960 1419 2006 multi
1439 1960 1608 2006 abraso
1632 1976 1658 2005 a
1683 1959 1823 2006 beato

398 2033 585 2080 tumulo
620 2035 814 2098 pulvere
840 2046 886 2082 et
921 2036 1110 2097 hausto,
1147 2037 1455 2084 sanabantur.
1501 2037 1733 2100 Plerique,
1763 2037 1823 2083 de

398 2110 506 2156 oleo
526 2112 659 2174 quod
674 2112 789 2158 inibi
803 2112 1008 2160 habetur
1024 2113 1584 2173 delibuti,liberabantur
1601 2132 1611 2172 3
1642 2114 1823 2177 fuitque

398 2187 643 2234 nonnullis
665 2189 933 2236 remedium
963 2207 1087 2254 aqua
1119 2191 1198 2238 illa
1220 2190 1351 2237 unde
1384 2191 1660 2255 sepulcrum
1684 2190 1822 2238 ablu-

398 2271 502 2310 tum
524 2273 593 2310 est
617 2274 725 2311 ante
746 2265 937 2329 pascha.
967 2268 1132 2330 Igitur,
1160 2284 1271 2314 cum
1295 2267 1456 2313 multis
1481 2267 1630 2313 multa
1650 2267 1825 2315 tribue-

399 2350 564 2387 rentur
581 2340 830 2401 beneficia,
857 2343 955 2391 vidi
986 2361 1137 2390 unum
1163 2346 1212 2391 in
1238 2344 1574 2409 desperatione
1598 2361 1624 2392 a
1650 2344 1823 2408 dysen-

398 2417 515 2464 teria
550 2418 805 2480 jacentem,
837 2419 1063 2485 huncque
1091 2420 1153 2467 ad
1184 2421 1427 2468 basilicam
1467 2420 1692 2482 ductum,
1722 2421 1823 2467 aliis

397 2493 577 2556 vigilias
617 2496 966 2544 celebrantibus
984 2535 996 2558 ,
1039 2508 1232 2545 noctem
1279 2500 1542 2563 inquietam
1579 2499 1786 2546 duxisset
1806 2518 1817 2557 ;

396 2570 608 2620 diluculo
631 2591 746 2621 vero
769 2576 1001 2623 accedens
1025 2576 1087 2623 ad
1107 2577 1361 2637 tumulum,
1390 2587 1553 2641 potato
1577 2594 1687 2624 cum
1708 2577 1820 2623 vino

396 2648 611 2712 pulvere,
640 2668 781 2700 sanus
802 2653 942 2701 rediit
964 2671 990 2701 e
1013 2654 1249 2718 sepulcrO.
