2028 3458
460 213 536 249 430
830 214 896 250 DE
924 212 1113 251 GLORIA
1140 213 1514 252 CONFESSORUM.

458 316 576 347 num
608 300 888 365 episcopum
918 299 1196 348 suburbano
1230 317 1481 349 murorum
1518 316 1706 348 summa
1747 318 1882 348 exco-

459 377 560 424 lens
600 376 694 424 fide
730 396 742 423 ε
784 387 830 424 et
870 378 979 424 licet
1005 378 1105 441 Jarn
1146 377 1408 426 dixerimus
1446 379 1494 425 in
1536 378 1738 443 prologo
1772 378 1883 426 libri

458 453 616 517 hujus,
642 464 693 501 ut
722 471 777 502 ea
800 464 986 502 tantum
1011 453 1328 502 scriberemus
1360 472 1464 520 quae
1493 458 1620 503 Deus
1643 465 1752 521 post
1777 456 1883 503 obi-

461 542 560 580 tum
601 543 876 582 sanctorum
912 550 1110 581 suorum
1144 534 1211 581 eis
1243 533 1570 582 obtinentibus
1595 545 1664 581 est
1695 536 1883 599 operari

458 610 696 675 dignatus,
722 621 881 660 tamen
904 629 1004 659 non
1031 622 1150 677 puto
1177 611 1439 659 absurdum
1475 612 1604 674 duci,
1631 613 1669 659 si
1698 612 1758 659 de
1778 612 1884 658 illo-

457 704 566 735 rum
587 689 683 736 vita
715 706 1039 737 memoremus
1073 689 1249 753 aliqua,
1280 689 1341 736 de
1361 688 1534 754 quibus
1559 690 1690 737 nulla
1711 706 1886 753 cogno-

457 765 614 814 vimus
649 783 750 814 esse
785 767 1072 833 conscripta.
1112 768 1311 814 Sanctus
1345 767 1487 831 igitur
1518 767 1798 827 Severinus,
1834 777 1886 814 ut

457 842 672 907 ipsorum
698 844 1122 910 Btlrdegalensium
1146 844 1432 891 clericorum
1456 843 1606 892 fidelis
1630 844 1751 892 ratio
1774 861 1885 909 pro-

459 919 564 980 fert,
597 921 657 969 de
690 922 905 988 partibus
935 923 1141 970 Orientis
1180 922 1242 970 ad
1264 922 1484 970 eamdem
1514 922 1779 970 destinatur
1806 939 1885 968 ur-

456 995 585 1046 bem.
622 1001 749 1047 Dum
796 1010 958 1048 autem
988 1000 1077 1047 iter
1110 1009 1290 1064 ageret,
1329 1010 1375 1047 et
1416 1000 1666 1048 ecclesiam
1710 999 1888 1046 Burde-

456 1073 698 1138 galensem
736 1076 980 1124 Amandus
1032 1077 1288 1143 episcopus
1326 1087 1539 1141 regeret,
1584 1077 1804 1142 apparuit
1844 1076 1889 1122 ei

456 1152 693 1201 Dominus
713 1155 762 1201 in
787 1155 891 1203 visu
915 1155 1088 1216 noctis,
1118 1153 1312 1220 dicens:
1347 1174 1370 1197 ι(
1397 1156 1563 1219 Surge,
1589 1165 1638 1201 et
1660 1153 1886 1218 egredere

456 1229 505 1275 in
544 1246 799 1279 occursum
835 1232 1014 1279 famulo
1039 1248 1148 1279 meo
1183 1233 1412 1279 Severino
1443 1251 1454 1279 t
1488 1242 1535 1278 et
1557 1232 1748 1279 honora
1775 1248 1886 1278 eum

457 1307 578 1355 sicut
599 1308 830 1357 honorari
853 1311 1088 1375 scriptura
1119 1319 1283 1357 sancta
1308 1310 1451 1356 docet
1479 1311 1689 1357 amicum
1711 1309 1888 1356 divini-

458 1386 595 1445 tatis;
622 1387 793 1434 melior
815 1398 885 1435 est
914 1388 1042 1434 enim
1069 1397 1115 1434 te
1146 1388 1421 1452 meritisque
1445 1387 1711 1434 sublimior.
1744 1407 1766 1431 υ
1795 1390 1886 1433 Ex-

458 1478 655 1526 surgens
677 1473 839 1511 autem
862 1463 1101 1511 Amandus
1123 1464 1392 1528 episcopus,
1418 1474 1615 1529 accepto
1638 1464 1809 1511 bacillo
1835 1464 1884 1510 in

458 1555 609 1587 manu
647 1557 757 1602 sua,
792 1542 1000 1606 perrexit
1035 1542 1084 1587 in
1122 1557 1379 1587 occursum
1407 1541 1526 1604 ejus,
1556 1541 1676 1588 nihil
1698 1540 1759 1587 de
1785 1541 1887 1587 viro

457 1626 624 1666 sancto
647 1618 817 1680 sciens,
861 1619 952 1666 nisi
981 1635 1087 1683 quae
1120 1619 1356 1665 Dominus
1389 1619 1657 1666 revelasset.
1693 1621 1748 1666 Et
1778 1635 1887 1666 ecce

457 1704 648 1743 sanctus
692 1697 946 1744 Severinus
986 1695 1211 1745 veniebat
1255 1697 1394 1761 quasi
1425 1695 1620 1744 obviam
1655 1696 1716 1743 ei.
1756 1698 1888 1743 Tunc

458 1774 898 1840 appropinquantes
921 1773 1029 1836 sibi,
1061 1791 1116 1822 ao
1143 1775 1348 1840 propriis
1379 1791 1428 1822 se
1461 1773 1738 1821 nominibus
1761 1773 1885 1820 salu·

459 1860 630 1914 tantes,
654 1863 802 1900 ruunt
824 1853 1001 1918 pariter
1021 1853 1071 1899 in
1092 1852 1355 1918 amplexus,
1381 1852 1755 1917 deosculatique,
1786 1852 1885 1898 fusa

459 1930 701 1992 oratione,
742 1930 987 1977 ecclesiam
1025 1946 1136 1996 cum
1182 1946 1357 1994 magno
1385 1929 1634 1995 psallentio
1668 1940 1779 1977 sunt
1813 1931 1886 1976 in-

460 2008 622 2070 gressi.
652 2011 809 2066 Quem
832 2008 1059 2073 deinceps
1081 2009 1130 2055 in
1151 2017 1338 2056 tantum
1365 2008 1529 2055 dilexit
1555 2025 1610 2056 ac
1637 2018 1887 2055 veneratus

459 2094 529 2131 est
560 2086 800 2134 Amandus
830 2087 1100 2152 episcopus,
1127 2097 1181 2134 ut
1209 2104 1320 2134 eum
1349 2086 1581 2138 inlocum
1609 2103 1748 2132 suum
1772 2085 1885 2132 sub-

460 2162 697 2223 stitueret,
744 2181 798 2211 ac
837 2164 937 2229 ipse
973 2167 1108 2229 quasi
1142 2165 1307 2229 junior
1343 2163 1626 2211 habebatur.
1671 2164 1889 2229 Denique

462 2249 573 2302 post
594 2257 775 2305 paucos
797 2259 967 2299 annOS,
1000 2242 1123 2290 obiit
1145 2243 1442 2290 beatissimus
1467 2242 1721 2289 Severinus
1750 2260 1760 2288 z
1791 2259 1889 2305 quo

462 2318 678 2382 sepulto,
723 2319 967 2367 Amandus
1012 2322 1265 2386 episcopus
1305 2321 1483 2385 recepit
1519 2320 1679 2367 locum
1722 2337 1887 2380 suum,

462 2416 606 2463 quem
639 2401 683 2447 ei
713 2418 813 2448 non
838 2402 1040 2450 dubium
1068 2413 1139 2451 est
1162 2420 1248 2468 per
1273 2403 1598 2452 obedientiam
1621 2404 1887 2466 redditum,

462 2494 608 2542 quani
647 2479 696 2526 in
725 2480 812 2527 Dei
842 2491 1059 2528 sanctum
1093 2482 1319 2529 exercuit.
1352 2485 1419 2530 Ex
1454 2482 1548 2529 hoc
1579 2482 1767 2544 incolae,
1806 2499 1890 2528 co-

463 2557 593 2620 gnita
632 2557 733 2621 ejus
764 2559 1039 2619 sanctitate,
1066 2569 1326 2625 patronum
1357 2561 1447 2608 sibi
1475 2561 1734 2619 asciscunt,
1775 2561 1890 2607 certi

463 2634 664 2697 quodsi
693 2635 985 2701 quandoque
1014 2636 1185 2685 urbem
1209 2648 1293 2685 aut
1321 2638 1519 2686 morbus
1545 2638 1773 2704 obrepat,
1808 2647 1888 2685 aut

462 2709 691 2759 hostilitas
714 2712 957 2776 obsideat,
992 2725 1071 2762 aut
1098 2715 1256 2779 aliqua
1282 2716 1475 2781 querela
1497 2717 1745 2782 percellat,
1775 2732 1889 2781 pro-
