2028 3458
441 254 516 291 332
651 255 716 290 DE
746 253 1035 290 VIRTUTIBUS
1063 253 1237 290 SANCTI
1266 255 1490 293 MARTINI.
1512 274 1565 282 —
1585 255 1650 292 1v.

438 340 696 401 celebrata,
732 341 901 387 iterum
931 340 1107 403 junctis
1130 340 1287 387 bobus
1316 359 1438 406 opus
1466 352 1675 407 coeptum
1707 343 1858 407 pergit

439 418 626 482 explere
657 437 668 463 :
705 418 1094 483 completumque
1123 435 1232 465 cum
1263 429 1383 466 esset
1417 420 1679 484 plaustrum
1715 420 1825 466 feno
1844 457 1855 478 ,

439 496 596 541 statim
630 495 755 542 oculi
791 498 891 559 ejus
921 496 1057 559 quasi
1082 513 1106 542 a
1131 495 1419 560 quibusdam
1450 497 1625 544 aculeis
1660 498 1854 561 puncti,

440 573 655 620 dolorem
684 575 943 621 maximum
969 574 1244 621 intulerunt.
1273 575 1456 632 Quibus
1477 576 1712 622 conclusis
1735 592 1859 622 nun-

440 667 585 714 quam
609 652 833 717 deinceps
860 668 943 699 eos
965 652 1148 717 aperire
1172 652 1346 716 potuit.
1373 653 1544 714 Sicque
1568 669 1652 717 per
1679 668 1860 699 annum

439 729 674 792 integrum
693 730 741 776 in
761 730 967 777 caecitate
987 746 1291 794 permanens,
1316 729 1375 776 ad
1397 729 1693 776 festivitatem
1713 730 1859 776 sancti

439 807 657 854 antistitis
683 807 886 855 devotus
911 807 1105 855 advenit
1141 826 1151 853 τ
1185 807 1318 871 cujus
1346 816 1455 871 post
1487 807 1615 853 diem
1643 807 1825 853 tertiam
1846 843 1857 865 ,

438 883 673 932 beneficio
696 885 813 933 lucis
834 901 981 949 quam
1004 884 1276 950 perdiderat
1299 894 1587 932 restauratus
1609 893 1693 930 est.

993 1061 1152 1098 CAPUT
1178 1060 1311 1096 XLVI.

882 1159 935 1192 De
950 1156 1093 1192 duobus
1107 1157 1184 1192 aliis
1202 1156 1406 1192 contractis.

510 1253 578 1296 Eo
607 1260 822 1315 tempore
838 1286 849 1308 ,
877 1259 924 1296 et
947 1250 1066 1296 alius
1087 1259 1359 1297 contractus
1381 1249 1667 1307 advenienS,
1693 1249 1866 1295 virtute

442 1329 588 1375 sancti
610 1328 836 1389 directus,
861 1329 1066 1394 propriis
1087 1328 1321 1392 gressibus
1347 1328 1409 1375 ad
1435 1327 1603 1374 urbem
1630 1343 1763 1374 suam
1791 1345 1864 1373 re-

441 1421 622 1468 gressus
646 1415 731 1452 est.
762 1405 1024 1453 Advenerat
1061 1406 1258 1470 quidam
1289 1422 1345 1451 ex
1376 1405 1631 1463 Britannia,
1670 1405 1865 1451 nomine

444 1483 792 1541 Paternian'us¹‚
822 1483 904 1547 qui
927 1500 1104 1541 caecus,
1134 1492 1309 1541 mutus,
1336 1498 1392 1529 ac
1411 1482 1610 1542 surdus,
1636 1491 1682 1528 et
1712 1482 1864 1529 mani-

440 1559 531 1606 bus
567 1568 838 1606 contractus
872 1577 957 1625 per
995 1560 1240 1624 quoddam
1279 1560 1555 1623 contagium
1591 1560 1770 1619 fuerat,
1817 1569 1864 1605 et

443 1636 671 1683 confectis
687 1637 912 1684 omnibus
923 1637 1149 1684 membris
1164 1653 1191 1684 a
1206 1637 1398 1697 morbo,
1417 1637 1503 1683 soli
1518 1646 1702 1684 tantum
1720 1636 1866 1701 pedes

443 1712 719 1778 praebebant
764 1714 949 1761 homini
991 1715 1383 1762 sustentaculum.
1438 1714 1632 1762 Patroni
1671 1730 1863 1778 praepo-

444 1792 583 1839 tentis
605 1792 683 1839 hic
703 1793 895 1858 expetiit
917 1792 1176 1851 basilicam,
1200 1793 1468 1840 orationem
1499 1792 1620 1839 fudit
1639 1827 1650 1850 ,
1688 1791 1864 1857 apertis

444 1869 594 1916 oculis
615 1869 771 1917 lucem
793 1871 1024 1935 perditam
1042 1871 1238 1936 aspexit,
1265 1887 1436 1918 manus
1464 1869 1524 1917 ad
1545 1886 1685 1916 usum
1708 1869 1863 1934 pristi-

444 1964 560 1994 num
594 1948 803 2012 recepit,
844 1957 890 1994 et
926 1965 975 1995 se
1006 1948 1235 1995 salvatum
1286 1947 1411 1995 beati
1444 1947 1664 1994 antistitis
1693 1947 1864 1993 virtute

445 2025 684 2072 demirans
707 2061 718 2082 ‚
757 2026 995 2090 sospitatis
1021 2043 1115 2073 suae
1144 2026 1340 2090 gratiam
1365 2024 1556 2090 populis
1585 2023 1857 2070 declaravit.

446 2100 522 2147 Ob
541 2100 682 2165 hujus
706 2102 919 2148 miraculi
943 2103 1140 2166 gratiam
1168 2119 1195 2149 a
1221 2102 1378 2148 multis
1404 2117 1603 2147 munera
1627 2101 1775 2164 capit,
1803 2100 1863 2146 de

447 2177 619 2242 quibus
638 2178 736 2241 jam
759 2179 1020 2225 nonnullos
1045 2196 1069 2226 a
1088 2180 1202 2243 jugo
1226 2178 1507 2243 captivitatis
1529 2177 1717 2224 exemit.

499 2371 551 2416 (1)
568 2371 850 2418 Maternianus‚
874 2370 968 2406 3801!
983 2398 991 2406 .
