2028 3458
414 291 489 326 186
629 289 695 324 DE
728 286 1023 323 VIRTUTIBUS
1058 287 1230 323 SANCTI
1266 286 1488 322 MARTINI.
1510 286 1632 323 -ΙΙ,

953 406 1109 441 CAPUT
1133 407 1269 441 LVIII.

903 489 957 522 De
974 500 1066 522 caeco
1082 498 1116 523 et
1131 497 1327 523 contractO.

478 589 600 631 Puer
618 585 891 644 l‘arisiacuS,
915 584 1049 646 cujus
1080 585 1191 630 artis
1212 594 1312 630 erat
1329 584 1605 630 vestimenta
1628 600 1827 649 compo·

412 680 543 721 nere,
570 663 861 709 increscente
886 661 1220 716 melancholia,
1247 660 1296 707 id
1328 671 1398 707 est
1422 661 1606 707 decocti
1629 661 1827 724 'sangui-

412 742 485 787 nis
506 741 620 801 fece,
634 741 969 805 quartanarius
992 739 1210 800 efficitur,
1225 748 1367 803 atque
1387 739 1721 786 effervescente
1742 739 1829 785 hu-

411 838 564 879 more,
591 821 654 867 ita
678 836 823 867 omne
853 836 1027 883 corpus
1053 819 1153 882 ejus
1175 817 1370 864 minutis
1393 817 1592 881 pustulis
1614 827 1827 863 coarcta-

410 897 570 958 batur,
595 908 647 944 ut
671 915 698 944 a
715 897 1005 961 quibusdam
1028 896 1243 962 leprosus
1266 903 1530 960 putaretur.
1557 893 1649 940 Sed
1673 904 1719 939 et
1743 911 1829 958 per

412 975 576 1021 omnia
587 974 803 1021 membra
819 973 1012 1020 dolores
1032 973 1265 1037 pessimos
1282 969 1558 1028 sustinebat,
1573 968 1828 1016 amborum

411 1052 664 1099 oculorum
693 1052 799 1099 luce
824 1052 1097 1098 mulctatus.
1134 1050 1279 1112 Igitur
1313 1048 1526 1095 auditam
1547 1047 1673 1093 beati
1704 1048 1829 1094 anti·

412 1130 532 1176 stitis
567 1130 758 1189 famam,
785 1139 832 1175 et
864 1129 1062 1175 virtutes
1093 1127 1270 1191 ubique
1292 1127 1522 1189 vulgatas,
1543 1125 1830 1171 Turonicam

413 1207 637 1270 expetivit
664 1206 927 1263 civitatem3
961 1204 1288 1267 accedensque
1313 1203 1370 1249 ad
1392 1202 1637 1249 basilicam
1660 1200 1826 1260 sancti,

411 1300 498 1348 per
528 1284 629 1330 dies
663 1284 841 1344 multos
866 1283 1088 1347 jejunans
1121 1291 1167 1328 et
1210 1297 1371 1341 orans,
1396 1289 1588 1344 recepto
1629 1278 1827 1337 lumine,

411 1361 618 1426 pristinae
638 1361 899 1407 restituitur
919 1360 1149 1424 sospitati.
1179 1362 1289 1405 Erat
1322 1358 1450 1404 enim
1482 1358 1716 1418 ingenuus
1750 1371 1833 1417 ge-

412 1454 542 1484 nere.
578 1437 787 1484 Audiens
818 1448 977 1484 autem
1010 1436 1270 1494 LeodastiS,
1300 1435 1383 1498 qui
1405 1444 1508 1481 tum
1538 1432 1831 1479 Turonicum

412 1514 603 1578 gerebat
634 1516 939 1573 comitatum,
973 1514 1105 1578 quod
1143 1512 1248 1559 talis
1279 1522 1399 1559 esset
1429 1510 1614 1570 artifex,
1652 1508 1832 1556 calum·

411 1593 532 1638 niari
564 1593 728 1656 coepit,
756 1592 920 1638 dicens
945 1610 955 1638 ε
982 1613 1003 1634 (ι
1028 1592 1202 1654 Refuga
1227 1607 1276 1637 es
1307 1599 1356 1635 tu
1382 1589 1712 1646 dominorum,
1741 1602 1832 1632 nec

411 1669 498 1715 tibi
529 1669 687 1716 licebit
713 1669 837 1716 ultra
861 1686 946 1734 per
975 1668 1162 1714 diversa
1193 1667 1368 1729 vagari.
1402 1685 1425 1710 υ
1459 1668 1514 1711 Et
1539 1665 1753 1711 vinctum
1782 1663 1831 1708 in

411 1745 613 1791 domum
646 1762 779 1792 suam
806 1744 1177 1792 custodiendum
1215 1743 1391 1807 dirigit.
1422 1741 1515 1789 Sed
1539 1758 1628 1788 nec
1651 1739 1832 1787 ibidem

410 1821 559 1869 defuit
598 1824 746 1870 virtus
776 1824 977 1887 angelici
1009 1822 1313 1869 confessoris.
1366 1824 1486 1867 Nam
1522 1835 1634 1866 cum
1668 1833 1833 1882 appre-

409 1900 587 1948 hensus
633 1902 822 1962 fuisset,
869 1902 1029 1948 statim
1067 1899 1127 1947 ab
1167 1899 1443 1946 infirmitate
1485 1914 1580 1962 qua
1617 1905 1835 1943 caruerat

410 1989 703 2039 coarctatum
726 1989 771 2025 et
790 1995 900 2026 cum
920 1981 1126 2044 pessime
1143 1988 1318 2041 ageret,
1345 1977 1514 2023 videns
1534 1991 1695 2021 comes
1714 1973 1832 2019 nibil

412 2072 461 2101 se
490 2056 537 2101 in
563 2072 674 2101 eum
695 2056 947 2120 praevalere
973 2073 1130 2121 posse,
1158 2055 1419 2101 relaxatum
1444 2070 1470 2100 a
1492 2051 1695 2099 vinculis
1718 2050 1833 2096 libe-

412 2148 518 2178 rum
542 2132 798 2179 abscedere
816 2132 969 2195 jubet.
990 2133 1070 2180 llle
1089 2149 1203 2179 vero
1228 2132 1288 2179 ad
1305 2131 1549 2178 basilicam
1575 2144 1827 2192 regressus,

412 2218 602 2256 sanatus
623 2219 691 2257 est
712 2209 893 2256 denuo.

982 2357 1138 2392 CAPUT
1163 2356 1262 2391 LIX.

616 2441 668 2474 De
681 2440 749 2474 alia
770 2441 928 2483 muliere,
945 2452 1022 2486 quae
1040 2448 1118 2487 pozt
1134 2438 1385 2486 ingenuitatem
1404 2447 1452 2471 est
1472 2435 1626 2471 vendita.

479 2536 641 2582 Simile
668 2545 736 2583 est
751 2536 866 2583 huic
890 2546 937 2583 et
960 2536 1094 2596 illud,
1113 2536 1245 2599 quod
1270 2535 1439 2582 mulier
1464 2542 1569 2598 post
1587 2531 1833 2578 emeritam

410 2612 677 2660 libertatem
698 2631 888 2660 rursum
911 2631 936 2660 a
954 2614 1141 2678 patroni
1158 2613 1262 2659 filiis
1282 2612 1496 2659 barbaris
1512 2608 1829 2657 venundatur.

412 2690 506 2736 Sed
528 2686 700 2737 virtute
722 2692 891 2753 sancti,
917 2708 1013 2755 quo
1036 2691 1215 2738 facilius
1240 2691 1582 2748 defensaretur,
1606 2696 1836 2734 contrac-

414 2767 471 2812 tis
495 2767 556 2814 ad
579 2767 776 2832 plenum
798 2768 1073 2817 debilitatur
1094 2769 1337 2816 membris.
1374 2772 1492 2815 Nam
1519 2777 1564 2813 et
1597 2763 1833 2829 poplitum
