2028 3458
451 332 529 368 116
664 332 731 368 DE
758 328 1052 368 VIRTUTIBUS
1081 328 1255 366 SANCTI
1282 329 1570 366 MARTINL—
1589 328 1640 365 11.

1022 463 1181 501 CAPUT
1205 465 1288 502 XV.

957 561 1012 597 De
1030 572 1123 596 caeco
1146 561 1360 599 illuminato-

514 658 839 708 Merobaudus
853 661 865 684 ¹
884 657 1083 724 quidam
1101 675 1159 706 ex
1172 674 1296 725 pago
1313 659 1596 721 Pictavensi,
1612 658 1731 707 dum
1749 670 1872 708 esset

448 738 671 787 laborans
687 738 735 784 in
755 753 917 803 opere,
940 737 1148 784 caecitate
1166 737 1390 801 pessima,
1410 737 1685 785 insidiatore
1698 738 1872 785 immit-

442 826 587 879 tente,
625 832 877 882 percussus
910 824 996 862 est.
1037 815 1132 871 Qui
1162 831 1274 861 cum
1311 831 1398 879 per
1436 831 1516 862 sex
1557 831 1711 863 annos
1744 814 1869 863 male

441 910 585 959 agens
606 894 657 940 in
685 892 777 940 hac
806 891 1081 939 infirmitate
1105 891 1316 952 duraret,
1343 891 1538 940 advenit
1560 893 1621 940 ad
1645 903 1868 941 sanctum

440 971 676 1037 templum
714 970 842 1018 beati
881 969 1097 1029 Martini,
1130 968 1293 1034 ibique
1329 969 1518 1017 assidue
1553 970 1760 1018 orationi
1797 971 1870 1017 in-

442 1050 690 1111 cumbens,
713 1049 762 1095 in
782 1048 989 1095 crastina
1010 1047 1088 1094 die
1106 1047 1166 1095 de
1187 1058 1351 1095 sancta
1370 1047 1637 1108 festivitate,
1666 1048 1782 1095 dum
1805 1048 1866 1096 ad

446 1127 592 1193 pedes
627 1126 755 1174 beati
786 1126 979 1173 Martini
1011 1134 1178 1188 staret,
1204 1125 1364 1173 subito
1389 1126 1547 1173 visum
1578 1135 1647 1174 est
1672 1126 1716 1173 ei
1744 1126 1867 1172 circa

442 1218 491 1249 se
515 1211 745 1266 tanquam
769 1199 1037 1247 coruscatio
1059 1199 1413 1266 resplenderet3
1441 1211 1490 1248 et
1513 1202 1698 1260 statim,
1729 1216 1868 1265 aper-

440 1281 497 1327 tis
535 1279 708 1339 oculis,
752 1288 925 1326 cuncta
959 1280 1221 1345 prospexit.
1265 1280 1360 1337 Qui
1398 1280 1631 1328 continuo
1667 1278 1868 1327 clericus

434 1357 585 1406 factus
603 1358 652 1405 in
672 1356 847 1406 eodem
865 1356 995 1419 locO,
1024 1373 1168 1406 sanus
1189 1357 1433 1406 abscessit.

1004 1497 1161 1533 CAPUT
1184 1495 1290 1534 XVI.

906 1595 959 1629 De
976 1593 1033 1630 his
1048 1607 1128 1642 quae
1144 1602 1254 1630 nauta
1270 1594 1402 1631 retulit.

498 1691 604 1739 Fuit
634 1701 682 1739 et
704 1691 824 1739 illud
852 1691 1036 1756 insigne
1068 1689 1377 1750 miraculum,
1414 1706 1527 1737 cum
1551 1690 1791 1737 Dominus
1814 1690 1863 1736 in

436 1769 514 1817 die
555 1769 926 1836 epiphaniorum
968 1769 1173 1817 obtentu
1210 1768 1341 1817 beati
1376 1768 1599 1816 antistitis
1635 1785 1694 1815 ex
1728 1767 1865 1832 aquis

434 1847 632 1895 Falerna
665 1847 916 1913 produxit,
961 1864 1018 1895 ac
1053 1847 1115 1894 de
1143 1846 1266 1895 alvei
1303 1846 1455 1894 fundo
1494 1846 1666 1892 vinum
1704 1844 1866 1892 elicuit

432 1926 664 1991 pauperi,
692 1926 775 1990 qui
797 1925 1046 1990 quondam
1073 1925 1234 1974 latices
1256 1926 1304 1972 in
1328 1925 1442 1973 vina
1468 1924 1690 1971 mutavit.
1717 1923 1865 1987 Igitur

432 2018 545 2049 cum
579 2003 792 2066 quodam
827 2012 1049 2068 tempore
1079 2004 1168 2051 iter
1199 2020 1391 2066 agerem
1424 2003 1472 2048 in
1510 2017 1635 2066 pago
1667 2000 1862 2048 Bania-

436 2079 596 2125 censi²
625 2080 685 2127 ad
710 2080 914 2143 Ligerim
937 2097 1087 2144 usque
1111 2078 1311 2127 fluvium
1340 2080 1555 2145 perveni.
1588 2081 1806 2142 Cumque
1834 2094 1861 2125 a

437 2166 601 2215 nauta,
623 2157 708 2221 qui
731 2174 821 2204 nos
844 2158 958 2222 ripae
976 2158 1111 2205 alteri
1134 2167 1450 2223 transponere
1475 2156 1699 2217 debebat,
1725 2154 1859 2203 solli-

435 2233 526 2280 cite
548 2234 841 2298 requirerem
862 2234 972 2283 loca
994 2235 1042 2282 in
1067 2253 1172 2300 quae
1205 2236 1431 2301 piscaturi
1466 2234 1856 2301 procederemus,

437 2310 600 2359 locum
621 2312 815 2373 indicat,
842 2312 1005 2361 dicens
1029 2333 1040 2360 :
1072 2333 1094 2358 «
1121 2314 1189 2360 Sit
1212 2313 1348 2361 vobis
1367 2313 1535 2361 beatus
1557 2314 1787 2361 Martinus
1810 2314 1858 2359 in

434 2388 743 2452 adjutorium.
776 2409 798 2435 »
826 2392 881 2437 At
912 2391 1062 2438 nostri
1094 2392 1278 2455 ingrate
1303 2391 1405 2439 haec
1428 2400 1755 2457 susceperunt,
1785 2389 1857 2437 di-

432 2474 594 2513 centes
612 2466 746 2531 quod
764 2467 812 2513 in
833 2467 933 2531 ejus
950 2467 1150 2515 nomine
1170 2485 1421 2533 nunquam
1442 2470 1543 2516 visa
1558 2478 1626 2515 est
1643 2467 1857 2515 evenisse

487 2644 541 2691 (1)
564 2645 656 2682 Mss.
689 2644 857 2696 aliquot,
881 2644 1142 2684 Merobaudis.
1162 2645 1271 2686 Colb.
1304 2645 1331 2684 b
1355 2649 1408 2695 (et
1437 2646 1555 2699 Cott.)
1580 2646 1851 2685 Get-oblandus.

435 2707 538 2747 Clar.
559 2708 815 2749 Gerobaudus.
838 2713 928 2750 Bec.
954 2710 1241 2751 Meroblandus.
1263 2714 1343 2762 (R.)
1361 2734 1416 2742 --
1436 2715 1556 2762 5329,
1578 2711 1827 2750 Merobaldus
1838 2726 1853 2757 ;

431 2775 556 2824 5334,
579 2768 844 2823 Derobuudus;
866 2779 957 2829 Sag.
986 2777 1232 2815 Merobaudis
1258 2786 1295 2816 et
1320 2778 1560 2817 correctione
1579 2777 1851 2817 Merobaudus.

482 2841 536 2889 (2)
559 2840 621 2880 Sic
640 2854 774 2881 omnes
788 2855 899 2890 mss„
919 2841 1011 2881 editi
1033 2852 1162 2883 autem
1179 2847 1413 2884 Beloacensi.
1439 2848 1519 2894 (R.)
