2028 3458
441 305 517 342 212
645 305 711 341 DE
738 303 1031 340 VIRTUTIBUS
1060 303 1234 342 SANCTI
1263 306 1487 342 MARTINI.
1511 326 1565 333 —
1584 307 1654 342 ΙΙΙ.

441 403 666 456 tanquam
695 390 899 438 effractis
922 391 1131 451 renibus,
1158 391 1412 439 inclinatus
1435 393 1728 440 ambulabat.
1760 394 1846 440 Hic

434 470 568 532 juxta
591 469 721 514 illam
746 468 1025 530 evangelicae
1049 470 1184 515 seriei
1204 470 1470 516 mulierem¹
1495 470 1719 517 deorsum
1739 487 1851 534 pro-

437 547 589 593 clinus
627 561 930 609 nequaquam
962 562 1151 592 sursum
1175 557 1359 610 poterat
1391 548 1523 609 erigi,
1551 548 1634 594 sed
1658 548 1848 595 duobus

436 625 483 669 in
511 623 692 670 ascellis
713 622 912 669 fustibus
942 623 1135 683 additis,
1168 624 1394 671 incurvus
1416 625 1585 687 agebat
1613 642 1843 688 gressum.

435 700 508 747 Ad
531 700 827 747 festivitatem
846 710 1006 747 autem
1028 701 1302 761 adveniens,
1331 702 1468 748 tertia
1503 702 1578 748 die
1603 713 1711 766 post
1741 713 1847 749 acta

434 777 663 823 solemnia
688 787 889 835 erectus,
917 777 977 823 ab
998 779 1131 824 omni
1152 778 1422 826 incursione
1446 779 1682 827 diabolica
1707 796 1848 826 mun-

434 853 588 913 datus,
613 870 754 901 sanus
770 854 1011 901 abscessit.

1010 995 1166 1029 CAPUT
1191 995 1273 1030 XV.

939 1078 990 1112 De
1009 1076 1195 1112 Gundulfo
1214 1076 1336 1111 debili.

494 1174 767 1222 Gundulfus
779 1190 891 1221 vero
909 1174 1107 1238 quidam
1122 1175 1266 1238 ipsius
1283 1173 1414 1220 urbis
1426 1175 1556 1234 civis,
1576 1174 1636 1222 ab
1653 1175 1848 1222 infantia

431 1268 517 1298 sua
544 1269 654 1298 cum
683 1251 968 1310 Gunthario,
1001 1251 1262 1297 Chlotharii
1296 1251 1417 1314 regis
1450 1251 1568 1311 filio,
1595 1251 1844 1299 habitavit.

429 1330 483 1373 In
507 1329 640 1391 cujus
667 1328 783 1374 dum
817 1328 1072 1375 haberetur
1098 1328 1305 1387 servitio,
1331 1338 1395 1386 et,
1433 1328 1687 1375 ordinante
1718 1345 1843 1392 rege,

429 1405 705 1451 ascenderet
728 1406 777 1451 in
809 1404 1050 1463 arborem,
1078 1415 1132 1451 ut
1165 1414 1350 1451 matura
1381 1405 1657 1469 decerperet
1681 1422 1842 1470 poma,

429 1482 624 1529 effracto
652 1498 787 1528 ramo
819 1482 1024 1541 corruit3
1066 1482 1328 1545 collisoque
1367 1482 1428 1528 ad
1465 1482 1676 1546 lapidem
1703 1482 1843 1546 pede,

433 1559 703 1606 debilitatus
725 1568 811 1605 est.
843 1562 952 1605 Post
983 1559 1160 1605 multos
1195 1576 1310 1606 vero
1343 1576 1496 1606 annos
1532 1559 1648 1605 dum
1672 1560 1720 1605 in
1752 1560 1843 1607 hac

430 1635 674 1683 debilitate
695 1636 982 1700 persisteret,
1009 1646 1056 1683 et
1078 1653 1274 1684 ascenso
1301 1637 1460 1699 equite
1484 1637 1712 1683 velociter
1734 1654 1846 1684 eum

428 1711 692 1776 impelleret
717 1712 777 1759 ad
801 1711 1035 1770 eundum,
1062 1711 1274 1776 lapsante
1300 1730 1478 1776 gressu,
1506 1713 1843 1777 praecipitatur,

426 1805 847 1853 compressumque
880 1788 1052 1853 pedem
1076 1789 1241 1850 alium,
1273 1790 1356 1853 qui
1379 1805 1521 1836 sanus
1545 1799 1661 1849 erat,
1690 1789 1848 1852 gravi-

428 1875 498 1911 ter
521 1865 653 1911 laesit.
679 1864 863 1911 Dehinc
880 1866 1058 1929 portari
1083 1882 1132 1911 se
1149 1865 1211 1912 ad
1232 1875 1446 1913 sanctam
1466 1865 1711 1912 basilicam
1735 1883 1847 1930 pos-

427 1941 562 1999 tulat,
596 1942 928 2006 projectusque
960 1941 1022 1988 ad
1055 1943 1398 2006 pavimentum,
1426 1944 1695 1989 orationem
1730 1942 1847 1989 fide-

430 2018 534 2065 liter
552 2018 720 2064 fundit.
749 2022 845 2064 Nec
864 2028 1048 2065 morata
1070 2028 1139 2065 est
1163 2019 1328 2082 pietas,
1358 2033 1463 2082 quae
1486 2036 1674 2083 semper
1697 2019 1845 2065 tribu-

428 2094 637 2140 lantibus
667 2093 921 2140 subvenire
953 2095 1228 2152 consuevit,
1272 2094 1354 2140 sed
1395 2095 1640 2158 protinus,
1685 2094 1844 2141 ablato

431 2172 564 2215 omni
596 2169 781 2230 dolore,
814 2169 1067 2216 incolumis
1097 2186 1124 2216 a
1149 2170 1425 2234 pavimento
1454 2170 1672 2216 surrexit.
1700 2171 1845 2232 Igitur

431 2263 516 2311 per
547 2246 737 2308 triginta
771 2246 957 2292 circiter
995 2262 1165 2306 annos,
1197 2246 1257 2291 de
1281 2246 1372 2292 alio
1397 2246 1536 2310 pede,
1563 2247 1685 2292 sicut
1706 2263 1845 2310 supe-

430 2324 528 2369 rius
564 2323 795 2380 diximus,
824 2322 997 2386 jugiter
1031 2322 1342 2370 claudicabat.
1375 2323 1587 2369 Tandem
1621 2323 1844 2386 inspectis

430 2399 634 2463 propriae
664 2399 962 2445 conscientiae
983 2400 1137 2458 noxis,
1163 2400 1373 2445 converti
1394 2399 1618 2459 decrevit,
1644 2399 1837 2458 scilicet,

435 2486 484 2522 ut
505 2474 762 2521 humiliatis
797 2475 977 2539 capillis
1012 2476 1100 2540 ipsi
1138 2486 1301 2522 sancto
1336 2476 1593 2523 deserviret
1627 2478 1837 2523 antistiti.

431 2553 522 2599 Sed
539 2553 669 2617 prius
686 2568 712 2599 a
730 2568 838 2614 rege
863 2563 1152 2618 praeceptum
1178 2554 1351 2614 elicuit,
1383 2564 1434 2600 ut
1455 2572 1528 2601 res
1550 2571 1657 2601 suas
1675 2570 1844 2600 omnes

431 2631 638 2688 basilicae,
659 2629 863 2676 traderet
882 2630 1058 2677 vivens.
1087 2634 1194 2688 Quo
1222 2631 1362 2691 sacto,
1392 2633 1544 2696 capite
1570 2641 1840 2692 tonsurato,

434 2734 1837 2747 *Μ-

485 2784 539 2830 (1)
558 2784 650 2822 Luc.
671 2793 765 2831 xm,
791 2782 852 2820 11.
