<?xml version="1.0" encoding="UTF-8"?>
<!DOCTYPE html PUBLIC "-//W3C//DTD XHTML 1.0 Transitional//EN"
    "http://www.w3.org/TR/xhtml1/DTD/xhtml1-transitional.dtd">
<html xmlns="http://www.w3.org/1999/xhtml" xml:lang="en" lang="en">
 <head>
  <title>
</title>
<meta http-equiv="Content-Type" content="text/html;charset=utf-8" />
  <meta name='ocr-system' content='tesseract 3.04.00' />
  <meta name='ocr-capabilities' content='ocr_page ocr_carea ocr_par ocr_line ocrx_word'/>
</head>
<body>
  <div class='ocr_page' id='page_1' title='image "./leslivresdesmira02greguoft_0328.png"; bbox 0 0 2028 3458; ppageno 0'>
   <div class='ocr_carea' id='block_1_1' title="bbox 401 249 1604 294">
    <p class='ocr_par' dir='ltr' id='par_1_1' title="bbox 401 249 1604 294">
     <span class='ocr_line' id='line_1_1' title="bbox 401 249 1604 294; baseline -0.007 0"><span class='ocrx_word' id='word_1_1' title='bbox 401 256 478 294; x_wconf 79' lang='lat'>312</span> <span class='ocrx_word' id='word_1_2' title='bbox 598 254 667 292; x_wconf 87' lang='lat' dir='ltr'>DE</span> <span class='ocrx_word' id='word_1_3' title='bbox 694 252 989 291; x_wconf 83' lang='lat' dir='ltr'>VIRTUTIBUS</span> <span class='ocrx_word' id='word_1_4' title='bbox 1022 251 1196 289; x_wconf 79' lang='lat' dir='ltr'>SANcrl</span> <span class='ocrx_word' id='word_1_5' title='bbox 1223 250 1448 289; x_wconf 79' lang='lat' dir='ltr'>MARTINI.</span> <span class='ocrx_word' id='word_1_6' title='bbox 1468 249 1604 286; x_wconf 77' lang='grc' dir='ltr'>-Ν,</span> 
     </span>
    </p>
   </div>
   <div class='ocr_carea' id='block_1_2' title="bbox 399 333 1835 2427">
    <p class='ocr_par' dir='ltr' id='par_1_2' title="bbox 399 333 1835 2427">
     <span class='ocr_line' id='line_1_2' title="bbox 399 333 1821 404; baseline -0.006 -13"><span class='ocrx_word' id='word_1_7' title='bbox 399 343 574 391; x_wconf 88' lang='lat' dir='ltr'>terium</span> <span class='ocrx_word' id='word_1_8' title='bbox 595 340 967 404; x_wconf 85' lang='lat' dir='ltr'>Locociagense¹</span> <span class='ocrx_word' id='word_1_9' title='bbox 996 338 1145 400; x_wconf 90' lang='lat' dir='ltr'>adire,</span> <span class='ocrx_word' id='word_1_10' title='bbox 1173 355 1270 403; x_wconf 92' lang='lat' dir='ltr'>quo</span> <span class='ocrx_word' id='word_1_11' title='bbox 1293 333 1629 401; x_wconf 78' lang='lat' dir='ltr'>congregatam</span> <span class='ocrx_word' id='word_1_12' title='bbox 1653 350 1821 383; x_wconf 91' lang='lat' dir='ltr'>mona-</span> 
     </span>
     <span class='ocr_line' id='line_1_3' title="bbox 400 413 1821 468; baseline -0.006 0"><span class='ocrx_word' id='word_1_13' title='bbox 400 419 670 468; x_wconf 86' lang='lat' dir='ltr'>nachorum</span> <span class='ocrx_word' id='word_1_14' title='bbox 702 427 942 464; x_wconf 87' lang='lat' dir='ltr'>catervam</span> <span class='ocrx_word' id='word_1_15' title='bbox 981 415 1223 462; x_wconf 81' lang='lat' dir='ltr'>locaverat</span> <span class='ocrx_word' id='word_1_16' title='bbox 1256 416 1325 462; x_wconf 92' lang='lat' dir='ltr'>vir</span> <span class='ocrx_word' id='word_1_17' title='bbox 1357 415 1542 463; x_wconf 90' lang='lat' dir='ltr'>beatus.</span> <span class='ocrx_word' id='word_1_18' title='bbox 1584 413 1655 460; x_wconf 88' lang='lat' dir='ltr'>Ibi</span> <span class='ocrx_word' id='word_1_19' title='bbox 1692 413 1821 460; x_wconf 92' lang='lat' dir='ltr'>enim</span> 
     </span>
     <span class='ocr_line' id='line_1_4' title="bbox 402 491 1820 560; baseline -0.004 -16"><span class='ocrx_word' id='word_1_20' title='bbox 402 506 650 545; x_wconf 92' lang='lat' dir='ltr'>mortuum</span> <span class='ocrx_word' id='word_1_21' title='bbox 667 495 878 560; x_wconf 92' lang='lat' dir='ltr'>primum</span> <span class='ocrx_word' id='word_1_22' title='bbox 902 493 1148 540; x_wconf 87' lang='lat' dir='ltr'>suscitasse</span> <span class='ocrx_word' id='word_1_23' title='bbox 1177 492 1364 556; x_wconf 85' lang='lat' dir='ltr'>legitur,</span> <span class='ocrx_word' id='word_1_24' title='bbox 1395 503 1442 539; x_wconf 89' lang='lat' dir='ltr'>et</span> <span class='ocrx_word' id='word_1_25' title='bbox 1461 509 1518 539; x_wconf 86' lang='lat' dir='ltr'>ex</span> <span class='ocrx_word' id='word_1_26' title='bbox 1537 491 1618 539; x_wconf 90' lang='lat' dir='ltr'>illo</span> <span class='ocrx_word' id='word_1_27' title='bbox 1636 491 1698 539; x_wconf 92' lang='lat' dir='ltr'>ad</span> <span class='ocrx_word' id='word_1_28' title='bbox 1721 492 1820 556; x_wconf 90' lang='lat' dir='ltr'>epi·</span> 
     </span>
     <span class='ocr_line' id='line_1_5' title="bbox 404 573 1823 643; baseline -0.004 -18"><span class='ocrx_word' id='word_1_29' title='bbox 404 586 655 643; x_wconf 85' lang='lat' dir='ltr'>scopatum</span> <span class='ocrx_word' id='word_1_30' title='bbox 703 576 874 623; x_wconf 89' lang='lat' dir='ltr'>ductus</span> <span class='ocrx_word' id='word_1_31' title='bbox 914 573 1152 621; x_wconf 85' lang='lat' dir='ltr'>scribitur.</span> <span class='ocrx_word' id='word_1_32' title='bbox 1201 577 1325 638; x_wconf 88' lang='lat' dir='ltr'>Ergo</span> <span class='ocrx_word' id='word_1_33' title='bbox 1369 574 1690 621; x_wconf 87' lang='lat' dir='ltr'>desideratum</span> <span class='ocrx_word' id='word_1_34' title='bbox 1734 589 1823 637; x_wconf 83' lang='lat' dir='ltr'>ego</span> 
     </span>
     <span class='ocr_line' id='line_1_6' title="bbox 403 650 1823 720; baseline -0.004 -17"><span class='ocrx_word' id='word_1_35' title='bbox 403 664 630 720; x_wconf 89' lang='lat' dir='ltr'>expetens</span> <span class='ocrx_word' id='word_1_36' title='bbox 665 653 846 713; x_wconf 92' lang='lat' dir='ltr'>locum,</span> <span class='ocrx_word' id='word_1_37' title='bbox 882 661 1162 717; x_wconf 88' lang='lat' dir='ltr'>prosternor</span> <span class='ocrx_word' id='word_1_38' title='bbox 1191 652 1253 698; x_wconf 90' lang='lat' dir='ltr'>ad</span> <span class='ocrx_word' id='word_1_39' title='bbox 1291 651 1527 699; x_wconf 90' lang='lat' dir='ltr'>cancellos</span> <span class='ocrx_word' id='word_1_40' title='bbox 1563 650 1739 715; x_wconf 87' lang='lat' dir='ltr'>anguli,</span> <span class='ocrx_word' id='word_1_41' title='bbox 1773 651 1823 697; x_wconf 90' lang='lat' dir='ltr'>in</span> 
     </span>
     <span class='ocr_line' id='line_1_7' title="bbox 405 730 1827 798; baseline -0.003 -18"><span class='ocrx_word' id='word_1_42' title='bbox 405 750 503 798; x_wconf 93' lang='lat' dir='ltr'>quo</span> <span class='ocrx_word' id='word_1_43' title='bbox 526 732 699 779; x_wconf 90' lang='lat' dir='ltr'>dicitur</span> <span class='ocrx_word' id='word_1_44' title='bbox 723 731 934 778; x_wconf 86' lang='lat' dir='ltr'>defuncti</span> <span class='ocrx_word' id='word_1_45' title='bbox 962 731 1183 795; x_wconf 90' lang='lat' dir='ltr'>spiritum</span> <span class='ocrx_word' id='word_1_46' title='bbox 1212 730 1470 777; x_wconf 84' lang='lat' dir='ltr'>reduxisse.</span> <span class='ocrx_word' id='word_1_47' title='bbox 1509 733 1620 777; x_wconf 90' lang='lat' dir='ltr'>Post</span> <span class='ocrx_word' id='word_1_48' title='bbox 1654 730 1827 777; x_wconf 88' lang='lat' dir='ltr'>effusas</span> 
     </span>
     <span class='ocr_line' id='line_1_8' title="bbox 402 802 1828 873; baseline -0.003 -14"><span class='ocrx_word' id='word_1_49' title='bbox 402 828 518 859; x_wconf 85' lang='lat' dir='ltr'>vero</span> <span class='ocrx_word' id='word_1_50' title='bbox 540 828 652 858; x_wconf 91' lang='lat' dir='ltr'>cum</span> <span class='ocrx_word' id='word_1_51' title='bbox 672 802 887 857; x_wconf 81' lang='lat' dir='ltr'>oratione</span> <span class='ocrx_word' id='word_1_52' title='bbox 911 809 1161 873; x_wconf 80' lang='lat' dir='ltr'>lacrymas,</span> <span class='ocrx_word' id='word_1_53' title='bbox 1188 826 1244 857; x_wconf 92' lang='lat' dir='ltr'>ac</span> <span class='ocrx_word' id='word_1_54' title='bbox 1266 809 1529 856; x_wconf 89' lang='lat' dir='ltr'>celebratas</span> <span class='ocrx_word' id='word_1_55' title='bbox 1550 809 1828 856; x_wconf 90' lang='lat' dir='ltr'>solemniter</span> 
     </span>
     <span class='ocr_line' id='line_1_9' title="bbox 403 886 1829 953; baseline -0.002 -18"><span class='ocrx_word' id='word_1_56' title='bbox 403 889 586 947; x_wconf 86' lang='lat' dir='ltr'>missas,</span> <span class='ocrx_word' id='word_1_57' title='bbox 614 897 905 953; x_wconf 82' lang='lat' dir='ltr'>percunctor</span> <span class='ocrx_word' id='word_1_58' title='bbox 928 886 1175 948; x_wconf 88' lang='lat' dir='ltr'>abbatem,</span> <span class='ocrx_word' id='word_1_59' title='bbox 1202 888 1241 934; x_wconf 92' lang='lat' dir='ltr'>si</span> <span class='ocrx_word' id='word_1_60' title='bbox 1272 887 1468 951; x_wconf 86' lang='lat' dir='ltr'>aliquod</span> <span class='ocrx_word' id='word_1_61' title='bbox 1493 886 1561 933; x_wconf 90' lang='lat' dir='ltr'>ibi</span> <span class='ocrx_word' id='word_1_62' title='bbox 1593 886 1829 933; x_wconf 89' lang='lat' dir='ltr'>Dominus</span> 
     </span>
     <span class='ocr_line' id='line_1_10' title="bbox 404 965 1830 1030; baseline -0.002 -16"><span class='ocrx_word' id='word_1_63' title='bbox 404 965 690 1014; x_wconf 90' lang='lat' dir='ltr'>miraculum</span> <span class='ocrx_word' id='word_1_64' title='bbox 729 965 1029 1012; x_wconf 86' lang='lat' dir='ltr'>ostendisset.</span> <span class='ocrx_word' id='word_1_65' title='bbox 1076 966 1378 1030; x_wconf 90' lang='lat' dir='ltr'>Asseruitque</span> <span class='ocrx_word' id='word_1_66' title='bbox 1423 965 1500 1012; x_wconf 92' lang='lat' dir='ltr'>ille</span> <span class='ocrx_word' id='word_1_67' title='bbox 1543 981 1707 1012; x_wconf 89' lang='lat' dir='ltr'>coram</span> <span class='ocrx_word' id='word_1_68' title='bbox 1747 965 1830 1028; x_wconf 92' lang='lat' dir='ltr'>qui</span> 
     </span>
     <span class='ocr_line' id='line_1_11' title="bbox 405 1043 1830 1108; baseline -0.002 -16"><span class='ocrx_word' id='word_1_69' title='bbox 405 1044 603 1093; x_wconf 86' lang='lat' dir='ltr'>aderant</span> <span class='ocrx_word' id='word_1_70' title='bbox 626 1043 863 1103; x_wconf 85' lang='lat' dir='ltr'>fratribuS‚</span> <span class='ocrx_word' id='word_1_71' title='bbox 891 1043 1174 1108; x_wconf 90' lang='lat' dir='ltr'>plerumque</span> <span class='ocrx_word' id='word_1_72' title='bbox 1203 1043 1270 1089; x_wconf 91' lang='lat' dir='ltr'>ibi</span> <span class='ocrx_word' id='word_1_73' title='bbox 1298 1043 1557 1090; x_wconf 88' lang='lat' dir='ltr'>illuminari</span> <span class='ocrx_word' id='word_1_74' title='bbox 1578 1059 1747 1104; x_wconf 88' lang='lat' dir='ltr'>caecos,</span> <span class='ocrx_word' id='word_1_75' title='bbox 1775 1058 1830 1089; x_wconf 89' lang='lat' dir='ltr'>ac</span> 
     </span>
     <span class='ocr_line' id='line_1_12' title="bbox 407 1119 1827 1185; baseline -0.001 -17"><span class='ocrx_word' id='word_1_76' title='bbox 407 1120 587 1168; x_wconf 90' lang='lat' dir='ltr'>debiles</span> <span class='ocrx_word' id='word_1_77' title='bbox 606 1119 932 1184; x_wconf 87' lang='lat' dir='ltr'>redintegrari.</span> <span class='ocrx_word' id='word_1_78' title='bbox 965 1138 987 1162; x_wconf 75' lang='grc' dir='ltr'>ε(</span> <span class='ocrx_word' id='word_1_79' title='bbox 1017 1119 1147 1177; x_wconf 89' lang='lat' dir='ltr'>Quid</span> <span class='ocrx_word' id='word_1_80' title='bbox 1175 1130 1332 1166; x_wconf 92' lang='lat' dir='ltr'>tamen</span> <span class='ocrx_word' id='word_1_81' title='bbox 1358 1136 1512 1185; x_wconf 91' lang='lat' dir='ltr'>nuper</span> <span class='ocrx_word' id='word_1_82' title='bbox 1537 1120 1595 1166; x_wconf 92' lang='lat' dir='ltr'>sit</span> <span class='ocrx_word' id='word_1_83' title='bbox 1618 1129 1827 1183; x_wconf 87' lang='lat' dir='ltr'>gestum,</span> 
     </span>
     <span class='ocr_line' id='line_1_13' title="bbox 406 1196 1827 1262; baseline -0.001 -16"><span class='ocrx_word' id='word_1_84' title='bbox 406 1198 580 1262; x_wconf 85' lang='lat' dir='ltr'>inquit,</span> <span class='ocrx_word' id='word_1_85' title='bbox 604 1196 706 1256; x_wconf 91' lang='lat' dir='ltr'>tibi,</span> <span class='ocrx_word' id='word_1_86' title='bbox 736 1196 940 1255; x_wconf 88' lang='lat' dir='ltr'>domne,</span> <span class='ocrx_word' id='word_1_87' title='bbox 966 1198 1076 1260; x_wconf 86' lang='lat' dir='ltr'>quia</span> <span class='ocrx_word' id='word_1_88' title='bbox 1099 1196 1299 1244; x_wconf 90' lang='lat' dir='ltr'>sollicite</span> <span class='ocrx_word' id='word_1_89' title='bbox 1334 1197 1552 1262; x_wconf 90' lang='lat' dir='ltr'>inquiris,</span> <span class='ocrx_word' id='word_1_90' title='bbox 1590 1197 1827 1244; x_wconf 87' lang='lat' dir='ltr'>evolvam.</span> 
     </span>
     <span class='ocr_line' id='line_1_14' title="bbox 407 1274 1831 1340; baseline 0 -18"><span class='ocrx_word' id='word_1_91' title='bbox 407 1274 576 1323; x_wconf 92' lang='lat' dir='ltr'>Mulier</span> <span class='ocrx_word' id='word_1_92' title='bbox 612 1274 829 1339; x_wconf 88' lang='lat' dir='ltr'>quaedam</span> <span class='ocrx_word' id='word_1_93' title='bbox 860 1274 1018 1321; x_wconf 89' lang='lat' dir='ltr'>vicina</span> <span class='ocrx_word' id='word_1_94' title='bbox 1048 1274 1143 1321; x_wconf 91' lang='lat' dir='ltr'>loci</span> <span class='ocrx_word' id='word_1_95' title='bbox 1173 1274 1340 1338; x_wconf 88' lang='lat' dir='ltr'>hujus,</span> <span class='ocrx_word' id='word_1_96' title='bbox 1368 1275 1592 1340; x_wconf 86' lang='lat' dir='ltr'>paralysis</span> <span class='ocrx_word' id='word_1_97' title='bbox 1628 1274 1831 1322; x_wconf 90' lang='lat' dir='ltr'>humore</span> 
     </span>
     <span class='ocr_line' id='line_1_15' title="bbox 409 1351 1831 1419; baseline 0.001 -19"><span class='ocrx_word' id='word_1_98' title='bbox 409 1352 644 1419; x_wconf 89' lang='lat' dir='ltr'>perculsa,</span> <span class='ocrx_word' id='word_1_99' title='bbox 666 1351 880 1399; x_wconf 87' lang='lat' dir='ltr'>officium</span> <span class='ocrx_word' id='word_1_100' title='bbox 897 1352 1225 1399; x_wconf 90' lang='lat' dir='ltr'>membrorum</span> <span class='ocrx_word' id='word_1_101' title='bbox 1248 1354 1465 1400; x_wconf 91' lang='lat' dir='ltr'>omnium</span> <span class='ocrx_word' id='word_1_102' title='bbox 1486 1370 1831 1418; x_wconf 88' lang='lat' dir='ltr'>usquequaque</span> 
     </span>
     <span class='ocr_line' id='line_1_16' title="bbox 410 1430 1833 1496; baseline 0.001 -19"><span class='ocrx_word' id='word_1_103' title='bbox 410 1430 700 1496; x_wconf 88' lang='lat' dir='ltr'>perdiderat.</span> <span class='ocrx_word' id='word_1_104' title='bbox 718 1432 835 1487; x_wconf 90' lang='lat' dir='ltr'>Quae</span> <span class='ocrx_word' id='word_1_105' title='bbox 848 1446 1052 1477; x_wconf 82' lang='lat' dir='ltr'>carrucae</span> <span class='ocrx_word' id='word_1_106' title='bbox 1068 1431 1307 1495; x_wconf 83' lang='lat' dir='ltr'>imposita,</span> <span class='ocrx_word' id='word_1_107' title='bbox 1326 1447 1352 1478; x_wconf 87' lang='lat' dir='ltr'>a</span> <span class='ocrx_word' id='word_1_108' title='bbox 1367 1431 1523 1478; x_wconf 91' lang='lat' dir='ltr'>bobus</span> <span class='ocrx_word' id='word_1_109' title='bbox 1536 1431 1833 1479; x_wconf 82' lang='lat' dir='ltr'>trahentibus</span> 
     </span>
     <span class='ocr_line' id='line_1_17' title="bbox 411 1508 1832 1573; baseline 0 -17"><span class='ocrx_word' id='word_1_110' title='bbox 411 1508 667 1567; x_wconf 86' lang='lat' dir='ltr'>ferebatur,</span> <span class='ocrx_word' id='word_1_111' title='bbox 694 1508 929 1555; x_wconf 89' lang='lat' dir='ltr'>circuiens</span> <span class='ocrx_word' id='word_1_112' title='bbox 946 1508 1120 1555; x_wconf 91' lang='lat' dir='ltr'>domos</span> <span class='ocrx_word' id='word_1_113' title='bbox 1140 1508 1360 1567; x_wconf 87' lang='lat' dir='ltr'>divitum,</span> <span class='ocrx_word' id='word_1_114' title='bbox 1384 1519 1433 1555; x_wconf 91' lang='lat' dir='ltr'>ut</span> <span class='ocrx_word' id='word_1_115' title='bbox 1454 1510 1625 1573; x_wconf 83' lang='lat' dir='ltr'>inopiae</span> <span class='ocrx_word' id='word_1_116' title='bbox 1640 1526 1733 1556; x_wconf 86' lang='lat' dir='ltr'>suae</span> <span class='ocrx_word' id='word_1_117' title='bbox 1755 1527 1832 1556; x_wconf 83' lang='lat' dir='ltr'>ex-</span> 
     </span>
     <span class='ocr_line' id='line_1_18' title="bbox 411 1585 1832 1651; baseline 0.001 -19"><span class='ocrx_word' id='word_1_118' title='bbox 411 1585 561 1651; x_wconf 89' lang='lat' dir='ltr'>pleret</span> <span class='ocrx_word' id='word_1_119' title='bbox 583 1586 923 1632; x_wconf 89' lang='lat' dir='ltr'>necessitatem.</span> <span class='ocrx_word' id='word_1_120' title='bbox 954 1588 1078 1649; x_wconf 84' lang='lat' dir='ltr'>Ergo</span> <span class='ocrx_word' id='word_1_121' title='bbox 1102 1586 1218 1632; x_wconf 93' lang='lat' dir='ltr'>dum</span> <span class='ocrx_word' id='word_1_122' title='bbox 1245 1585 1399 1632; x_wconf 86' lang='lat' dir='ltr'>delata</span> <span class='ocrx_word' id='word_1_123' title='bbox 1422 1586 1483 1633; x_wconf 91' lang='lat' dir='ltr'>ad</span> <span class='ocrx_word' id='word_1_124' title='bbox 1511 1586 1642 1633; x_wconf 89' lang='lat' dir='ltr'>hunc</span> <span class='ocrx_word' id='word_1_125' title='bbox 1671 1586 1832 1634; x_wconf 86' lang='lat' dir='ltr'>locum</span> 
     </span>
     <span class='ocr_line' id='line_1_19' title="bbox 411 1663 1835 1730; baseline -0.001 -18"><span class='ocrx_word' id='word_1_126' title='bbox 411 1664 687 1730; x_wconf 84' lang='lat' dir='ltr'>pavimento</span> <span class='ocrx_word' id='word_1_127' title='bbox 703 1663 1038 1728; x_wconf 82' lang='lat' dir='ltr'>prosternitur,</span> <span class='ocrx_word' id='word_1_128' title='bbox 1061 1663 1190 1710; x_wconf 89' lang='lat' dir='ltr'>lento</span> <span class='ocrx_word' id='word_1_129' title='bbox 1215 1665 1469 1710; x_wconf 84' lang='lat' dir='ltr'>conamine</span> <span class='ocrx_word' id='word_1_130' title='bbox 1489 1664 1738 1723; x_wconf 89' lang='lat' dir='ltr'>accedens,</span> <span class='ocrx_word' id='word_1_131' title='bbox 1756 1682 1835 1712; x_wconf 92' lang='lat' dir='ltr'>ve-</span> 
     </span>
     <span class='ocr_line' id='line_1_20' title="bbox 411 1741 1829 1806; baseline 0 -17"><span class='ocrx_word' id='word_1_132' title='bbox 411 1741 512 1789; x_wconf 91' lang='lat' dir='ltr'>lum</span> <span class='ocrx_word' id='word_1_133' title='bbox 523 1741 657 1806; x_wconf 93' lang='lat' dir='ltr'>quod</span> <span class='ocrx_word' id='word_1_134' title='bbox 668 1751 883 1788; x_wconf 88' lang='lat' dir='ltr'>sanctum</span> <span class='ocrx_word' id='word_1_135' title='bbox 899 1742 1088 1805; x_wconf 80' lang='lat' dir='ltr'>tegebat</span> <span class='ocrx_word' id='word_1_136' title='bbox 1103 1742 1366 1789; x_wconf 88' lang='lat' dir='ltr'>cancellum</span> <span class='ocrx_word' id='word_1_137' title='bbox 1384 1743 1556 1790; x_wconf 89' lang='lat' dir='ltr'>devote</span> <span class='ocrx_word' id='word_1_138' title='bbox 1572 1744 1829 1800; x_wconf 85' lang='lat' dir='ltr'>osculatur,</span> 
     </span>
     <span class='ocr_line' id='line_1_21' title="bbox 413 1817 1834 1879; baseline 0.001 -13"><span class='ocrx_word' id='word_1_139' title='bbox 413 1818 576 1866; x_wconf 90' lang='lat' dir='ltr'>dicens</span> <span class='ocrx_word' id='word_1_140' title='bbox 595 1835 604 1864; x_wconf 76' lang='grc' dir='ltr'>ε</span> <span class='ocrx_word' id='word_1_141' title='bbox 636 1838 658 1861; x_wconf 87' lang='lat'>«</span> <span class='ocrx_word' id='word_1_142' title='bbox 677 1818 764 1865; x_wconf 91' lang='lat' dir='ltr'>Hic</span> <span class='ocrx_word' id='word_1_143' title='bbox 786 1828 849 1877; x_wconf 92' lang='lat' dir='ltr'>te,</span> <span class='ocrx_word' id='word_1_144' title='bbox 866 1817 1005 1866; x_wconf 90' lang='lat' dir='ltr'>beate</span> <span class='ocrx_word' id='word_1_145' title='bbox 1029 1819 1300 1878; x_wconf 89' lang='lat' dir='ltr'>Confessor‚</span> <span class='ocrx_word' id='word_1_146' title='bbox 1329 1819 1492 1867; x_wconf 88' lang='lat' dir='ltr'>adesse</span> <span class='ocrx_word' id='word_1_147' title='bbox 1506 1820 1669 1879; x_wconf 90' lang='lat' dir='ltr'>credo,</span> <span class='ocrx_word' id='word_1_148' title='bbox 1686 1819 1763 1866; x_wconf 90' lang='lat' dir='ltr'>hic</span> <span class='ocrx_word' id='word_1_149' title='bbox 1788 1830 1834 1867; x_wconf 93' lang='lat' dir='ltr'>te</span> 
     </span>
     <span class='ocr_line' id='line_1_22' title="bbox 415 1895 1834 1961; baseline 0.003 -21"><span class='ocrx_word' id='word_1_150' title='bbox 415 1915 439 1941; x_wconf 87' lang='lat'>«</span> <span class='ocrx_word' id='word_1_151' title='bbox 464 1905 708 1943; x_wconf 90' lang='lat' dir='ltr'>mortuum</span> <span class='ocrx_word' id='word_1_152' title='bbox 731 1896 978 1943; x_wconf 89' lang='lat' dir='ltr'>suscitasse</span> <span class='ocrx_word' id='word_1_153' title='bbox 1000 1895 1239 1943; x_wconf 89' lang='lat' dir='ltr'>testificor.</span> <span class='ocrx_word' id='word_1_154' title='bbox 1258 1896 1463 1943; x_wconf 80' lang='lat' dir='ltr'>Confido</span> <span class='ocrx_word' id='word_1_155' title='bbox 1487 1898 1613 1944; x_wconf 89' lang='lat' dir='ltr'>enim</span> <span class='ocrx_word' id='word_1_156' title='bbox 1639 1897 1771 1961; x_wconf 91' lang='lat' dir='ltr'>quod</span> <span class='ocrx_word' id='word_1_157' title='bbox 1797 1898 1834 1944; x_wconf 92' lang='lat' dir='ltr'>si</span> 
     </span>
     <span class='ocr_line' id='line_1_23' title="bbox 417 1974 1830 2039; baseline 0.001 -19"><span class='ocrx_word' id='word_1_158' title='bbox 417 1994 439 2020; x_wconf 89' lang='lat'>«</span> <span class='ocrx_word' id='word_1_159' title='bbox 467 1974 689 2034; x_wconf 83' lang='lat' dir='ltr'>volueris,</span> <span class='ocrx_word' id='word_1_160' title='bbox 716 1975 893 2039; x_wconf 89' lang='lat' dir='ltr'>poteris</span> <span class='ocrx_word' id='word_1_161' title='bbox 926 1991 1003 2021; x_wconf 93' lang='lat' dir='ltr'>me</span> <span class='ocrx_word' id='word_1_162' title='bbox 1027 1974 1224 2034; x_wconf 88' lang='lat' dir='ltr'>salvare,</span> <span class='ocrx_word' id='word_1_163' title='bbox 1251 1991 1305 2021; x_wconf 88' lang='lat' dir='ltr'>ac</span> <span class='ocrx_word' id='word_1_164' title='bbox 1339 1976 1525 2022; x_wconf 86' lang='lat' dir='ltr'>sanitati</span> <span class='ocrx_word' id='word_1_165' title='bbox 1560 1976 1830 2035; x_wconf 80' lang='lat' dir='ltr'>restituere,</span> 
     </span>
     <span class='ocr_line' id='line_1_24' title="bbox 419 2052 1834 2117; baseline 0.003 -22"><span class='ocrx_word' id='word_1_166' title='bbox 419 2072 441 2095; x_wconf 74' lang='grc' dir='ltr'>ε(</span> <span class='ocrx_word' id='word_1_167' title='bbox 468 2052 589 2098; x_wconf 90' lang='lat' dir='ltr'>sicut</span> <span class='ocrx_word' id='word_1_168' title='bbox 616 2052 882 2114; x_wconf 90' lang='lat' dir='ltr'>quondam,</span> <span class='ocrx_word' id='word_1_169' title='bbox 914 2052 1138 2117; x_wconf 86' lang='lat' dir='ltr'>disruptis</span> <span class='ocrx_word' id='word_1_170' title='bbox 1169 2053 1337 2099; x_wconf 80' lang='lat' dir='ltr'>inferni</span> <span class='ocrx_word' id='word_1_171' title='bbox 1362 2053 1595 2113; x_wconf 84' lang='lat' dir='ltr'>faucibus,</span> <span class='ocrx_word' id='word_1_172' title='bbox 1623 2052 1834 2099; x_wconf 87' lang='lat' dir='ltr'>defuncti</span> 
     </span>
     <span class='ocr_line' id='line_1_25' title="bbox 419 2128 1834 2194; baseline 0.001 -20"><span class='ocrx_word' id='word_1_173' title='bbox 419 2150 442 2174; x_wconf 87' lang='lat'>«</span> <span class='ocrx_word' id='word_1_174' title='bbox 467 2129 677 2176; x_wconf 90' lang='lat' dir='ltr'>animam</span> <span class='ocrx_word' id='word_1_175' title='bbox 698 2128 942 2175; x_wconf 80' lang='lat' dir='ltr'>reduxisti.</span> <span class='ocrx_word' id='word_1_176' title='bbox 962 2148 984 2173; x_wconf 71' lang='grc' dir='ltr'>υ</span> <span class='ocrx_word' id='word_1_177' title='bbox 1008 2131 1115 2175; x_wconf 83' lang='lat' dir='ltr'>Haec</span> <span class='ocrx_word' id='word_1_178' title='bbox 1135 2129 1291 2190; x_wconf 81' lang='lat' dir='ltr'>effata,</span> <span class='ocrx_word' id='word_1_179' title='bbox 1312 2146 1454 2193; x_wconf 87' lang='lat' dir='ltr'>genas</span> <span class='ocrx_word' id='word_1_180' title='bbox 1469 2130 1689 2194; x_wconf 83' lang='lat' dir='ltr'>lacrymis</span> <span class='ocrx_word' id='word_1_181' title='bbox 1707 2131 1834 2194; x_wconf 81' lang='lat' dir='ltr'>riga-</span> 
     </span>
     <span class='ocr_line' id='line_1_26' title="bbox 413 2207 1835 2272; baseline 0 -18"><span class='ocrx_word' id='word_1_182' title='bbox 413 2207 650 2254; x_wconf 91' lang='lat' dir='ltr'>ubertim:</span> <span class='ocrx_word' id='word_1_183' title='bbox 684 2223 739 2254; x_wconf 90' lang='lat' dir='ltr'>ac</span> <span class='ocrx_word' id='word_1_184' title='bbox 768 2208 950 2266; x_wconf 88' lang='lat' dir='ltr'>statim,</span> <span class='ocrx_word' id='word_1_185' title='bbox 978 2208 1172 2272; x_wconf 88' lang='lat' dir='ltr'>impleta</span> <span class='ocrx_word' id='word_1_186' title='bbox 1196 2208 1434 2266; x_wconf 84' lang='lat' dir='ltr'>oratione,</span> <span class='ocrx_word' id='word_1_187' title='bbox 1470 2208 1706 2272; x_wconf 88' lang='lat' dir='ltr'>quidquid</span> <span class='ocrx_word' id='word_1_188' title='bbox 1745 2210 1835 2255; x_wconf 90' lang='lat' dir='ltr'>ari-</span> 
     </span>
     <span class='ocr_line' id='line_1_27' title="bbox 415 2284 1829 2349; baseline 0 -17"><span class='ocrx_word' id='word_1_189' title='bbox 415 2285 548 2345; x_wconf 91' lang='lat' dir='ltr'>dum,</span> <span class='ocrx_word' id='word_1_190' title='bbox 572 2284 806 2349; x_wconf 89' lang='lat' dir='ltr'>quidquid</span> <span class='ocrx_word' id='word_1_191' title='bbox 828 2294 1144 2344; x_wconf 84' lang='lat' dir='ltr'>contractum,</span> <span class='ocrx_word' id='word_1_192' title='bbox 1167 2285 1400 2349; x_wconf 86' lang='lat' dir='ltr'>quidquid</span> <span class='ocrx_word' id='word_1_193' title='bbox 1422 2286 1705 2332; x_wconf 84' lang='lat' dir='ltr'>dissolutum</span> <span class='ocrx_word' id='word_1_194' title='bbox 1727 2286 1829 2347; x_wconf 83' lang='lat' dir='ltr'>snit,</span> 
     </span>
     <span class='ocr_line' id='line_1_28' title="bbox 413 2362 1834 2427; baseline 0.001 -17"><span class='ocrx_word' id='word_1_195' title='bbox 413 2363 786 2427; x_wconf 87' lang='lat' dir='ltr'>redintegratum</span> <span class='ocrx_word' id='word_1_196' title='bbox 806 2372 875 2410; x_wconf 89' lang='lat' dir='ltr'>est</span> <span class='ocrx_word' id='word_1_197' title='bbox 898 2362 1083 2410; x_wconf 88' lang='lat' dir='ltr'>mulieri</span> <span class='ocrx_word' id='word_1_198' title='bbox 1114 2363 1163 2409; x_wconf 92' lang='lat' dir='ltr'>in</span> <span class='ocrx_word' id='word_1_199' title='bbox 1188 2379 1389 2427; x_wconf 89' lang='lat' dir='ltr'>corpore</span> <span class='ocrx_word' id='word_1_200' title='bbox 1413 2379 1439 2409; x_wconf 90' lang='lat' dir='ltr'>a</span> <span class='ocrx_word' id='word_1_201' title='bbox 1464 2363 1587 2410; x_wconf 89' lang='lat' dir='ltr'>beati</span> <span class='ocrx_word' id='word_1_202' title='bbox 1613 2364 1834 2411; x_wconf 85' lang='lat' dir='ltr'>antistitis</span> 
     </span>
    </p>
   </div>
   <div class='ocr_carea' id='block_1_3' title="bbox 410 2567 1834 2808">
    <p class='ocr_par' dir='ltr' id='par_1_3' title="bbox 410 2567 1834 2808">
     <span class='ocr_line' id='line_1_29' title="bbox 467 2567 1834 2620; baseline 0.001 -13"><span class='ocrx_word' id='word_1_203' title='bbox 467 2572 521 2619; x_wconf 83' lang='lat'>(1)</span> <span class='ocrx_word' id='word_1_204' title='bbox 542 2571 634 2607; x_wconf 87' lang='lat' dir='ltr'>Mss.</span> <span class='ocrx_word' id='word_1_205' title='bbox 659 2568 859 2620; x_wconf 88' lang='lat' dir='ltr'>plerique,</span> <span class='ocrx_word' id='word_1_206' title='bbox 882 2567 921 2606; x_wconf 87' lang='lat' dir='ltr'>in</span> <span class='ocrx_word' id='word_1_207' title='bbox 950 2567 1117 2620; x_wconf 86' lang='lat' dir='ltr'>capitum</span> <span class='ocrx_word' id='word_1_208' title='bbox 1140 2569 1289 2619; x_wconf 87' lang='lat' dir='ltr'>indice,</span> <span class='ocrx_word' id='word_1_209' title='bbox 1315 2573 1603 2620; x_wconf 64' lang='lat' dir='ltr'>Loeodiszoense,</span> <span class='ocrx_word' id='word_1_210' title='bbox 1628 2571 1691 2610; x_wconf 87' lang='lat' dir='ltr'>hic</span> <span class='ocrx_word' id='word_1_211' title='bbox 1722 2576 1834 2611; x_wconf 63' lang='lat' dir='ltr'><em>Isaeo-</em></span> 
     </span>
     <span class='ocr_line' id='line_1_30' title="bbox 413 2632 1833 2685; baseline 0 -14"><span class='ocrx_word' id='word_1_212' title='bbox 413 2637 636 2684; x_wconf 79' lang='lat' dir='ltr'>tigiagense‚</span> <span class='ocrx_word' id='word_1_213' title='bbox 660 2632 777 2685; x_wconf 79' lang='lat' dir='ltr'>vulgo</span> <span class='ocrx_word' id='word_1_214' title='bbox 803 2635 964 2683; x_wconf 80' lang='lat' dir='ltr'>Liguge&#39;.</span> <span class='ocrx_word' id='word_1_215' title='bbox 997 2635 1075 2681; x_wconf 80' lang='lat' dir='ltr'>(R.)</span> <span class='ocrx_word' id='word_1_216' title='bbox 1098 2655 1152 2661; x_wconf 93' lang='lat'><strong>—</strong></span> <span class='ocrx_word' id='word_1_217' title='bbox 1171 2636 1500 2685; x_wconf 78' lang='lat' dir='ltr'>anotigiaccnse&#39;m</span> <span class='ocrx_word' id='word_1_218' title='bbox 1530 2637 1657 2682; x_wconf 64' lang='lat'><strong>22043</strong></span> <span class='ocrx_word' id='word_1_219' title='bbox 1683 2639 1833 2672; x_wconf 75' lang='lat' dir='ltr'>Locoei-</span> 
     </span>
     <span class='ocr_line' id='line_1_31' title="bbox 410 2687 1833 2750; baseline 0.002 -19"><span class='ocrx_word' id='word_1_220' title='bbox 410 2697 631 2746; x_wconf 79' lang='lat' dir='ltr'>giacensem,</span> <span class='ocrx_word' id='word_1_221' title='bbox 646 2687 732 2746; x_wconf 80' lang='lat' dir='ltr'>sup.</span> <span class='ocrx_word' id='word_1_222' title='bbox 755 2696 855 2741; x_wconf 66' lang='lat'>2433</span> <span class='ocrx_word' id='word_1_223' title='bbox 877 2698 1194 2745; x_wconf 79' lang='lat' dir='ltr'>Locotigiacceme</span> <span class='ocrx_word' id='word_1_224' title='bbox 1214 2698 1332 2746; x_wconf 75' lang='lat'>5329,</span> <span class='ocrx_word' id='word_1_225' title='bbox 1348 2701 1456 2750; x_wconf 85' lang='lat' dir='ltr'>Sag.‚</span> <span class='ocrx_word' id='word_1_226' title='bbox 1474 2700 1597 2747; x_wconf 84' lang='lat' dir='ltr'>Cott.;</span> <span class='ocrx_word' id='word_1_227' title='bbox 1618 2699 1833 2748; x_wconf 78' lang='lat' dir='ltr'>Locotigla-</span> 
     </span>
     <span class='ocr_line' id='line_1_32' title="bbox 414 2757 1217 2808; baseline 0.004 -13"><span class='ocrx_word' id='word_1_228' title='bbox 414 2771 519 2796; x_wconf 63' lang='lat' dir='ltr'>cestre</span> <span class='ocrx_word' id='word_1_229' title='bbox 543 2759 662 2808; x_wconf 67' lang='lat'>5334,</span> <span class='ocrx_word' id='word_1_230' title='bbox 683 2766 720 2796; x_wconf 84' lang='lat' dir='ltr'>et</span> <span class='ocrx_word' id='word_1_231' title='bbox 737 2759 778 2795; x_wconf 86' lang='lat' dir='ltr'>in</span> <span class='ocrx_word' id='word_1_232' title='bbox 798 2757 925 2795; x_wconf 88' lang='lat' dir='ltr'>indice</span> <span class='ocrx_word' id='word_1_233' title='bbox 942 2758 1217 2798; x_wconf 77' lang='lat' dir='ltr'>Locodacinsis.</span> 
     </span>
    </p>
   </div>
  </div>
 </body>
</html>
