2028 3458
440 357 517 393 166
655 356 720 392 DE
749 354 1042 391 VIRTUTIBUS
1074 354 1246 390 SANCTI
1275 354 1563 391 MART1N1.-—
1583 354 1634 392 11.

441 451 634 505 tegeret,
663 450 946 488 remaneret.
974 440 1085 499 Qui,
1113 451 1264 488 matre
1290 452 1503 501 mortua,
1533 458 1685 489 unum
1709 458 1861 506 prope

443 519 491 567 in
516 518 610 565 hoc
634 518 761 566 exitu
785 517 984 565 duxerat
1006 533 1207 565 annum.
1235 521 1347 567 Erat
1367 520 1496 566 enim
1519 520 1689 566 unicus
1711 519 1858 583 patri,

442 606 489 643 et
523 596 584 643 de
621 596 788 642 uxoria
825 595 1082 642 dilectione
1119 595 1367 660 quoddam
1411 597 1705 644 memoriale.
1755 597 1860 656 Cui,

442 673 569 720 victu
601 683 652 719 ut
684 672 891 719 diximus
926 672 1195 731 minuente,
1229 673 1329 735 jam
1351 673 1589 721 deficienti
1622 691 1678 722 ex
1707 673 1865 721 inedia

443 751 585 798 febris
603 751 816 798 accessit.
852 753 913 797 Ut
939 760 1098 798 autem
1121 750 1200 798 hic
1226 767 1336 798 eum
1361 752 1519 799 fervor
1540 753 1714 815 attigit,
1752 768 1866 798 con-

442 829 589 876 currit
612 839 747 893 pater
774 828 836 875 ad
859 828 1134 888 ecclesiam,
1158 845 1219 876 ne
1242 829 1403 894 proles
1434 829 1615 894 absque
1642 829 1867 894 baptismi

443 903 801 966 regeneratione
823 912 1107 950 moreretur.
1134 903 1229 960 Qui
1249 903 1532 968 baptizatus,
1557 919 1647 949 nec
1672 902 1866 949 confor-

442 989 569 1027 tatus
603 996 808 1046 corpore
836 990 1007 1045 praeter
1041 979 1160 1027 illud
1205 980 1413 1047 spiritale
1446 979 1738 1038 remedium,
1770 980 1869 1042 jam

444 1057 654 1105 suffossis
690 1057 860 1118 oculis,
887 1057 1225 1124 palpebrisque
1260 1059 1424 1105 laxatis
1460 1068 1602 1123 atque
1635 1056 1869 1113 demissis,

444 1134 633 1182 nullum
651 1135 751 1199 Jam
773 1135 939 1183 flatum
969 1135 1240 1200 spiraminis
1270 1135 1478 1191 habens,
1505 1151 1650 1199 super
1679 1135 1873 1180 beatum

446 1212 746 1277 sepulcrum,
771 1223 905 1278 patre
937 1213 1142 1277 ejulante
1166 1213 1442 1278 deponitur.
1479 1216 1575 1259 Nec
1601 1211 1752 1258 defuit
1782 1210 1875 1256 vir-

447 1298 523 1336 tus
546 1290 625 1337 illa
644 1290 864 1351 coelestis,
892 1307 998 1355 quae
1018 1291 1266 1354 quondam
1290 1290 1545 1355 parvulum
1563 1290 1687 1336 inter
1705 1304 1876 1335 manus

448 1366 735 1414 confessoris
757 1366 887 1414 beati
911 1367 1184 1415 vivificavit.
1210 1371 1266 1414 At
1283 1367 1366 1414 ubi
1390 1368 1599 1432 primum
1618 1365 1719 1428 ejus
1741 1366 1878 1411 vesti-

448 1454 666 1491 mentum
689 1445 1050 1510 coopertorium
1082 1445 1254 1492 tumuli
1290 1445 1459 1508 attigit,
1492 1444 1619 1491 illico
1650 1442 1876 1507 parvulus

447 1521 713 1586 respiravit.
739 1522 909 1570 Mirum
929 1523 1216 1570 miraculum
1234 1522 1245 1570 l
1275 1523 1462 1571 videres
1484 1521 1714 1587 pallentes
1734 1536 1878 1584 genas

449 1598 701 1662 gradatim,
721 1601 896 1647 virtute
911 1600 1075 1648 divina
1094 1602 1359 1660 insistente,
1383 1600 1655 1660 rubescere,
1679 1610 1725 1647 et
1744 1599 1880 1663 sopi-

449 1685 524 1723 tos
554 1676 721 1723 oculos
752 1677 802 1723 in
839 1678 1022 1724 lumine
1054 1678 1273 1726 redivivo
1307 1679 1469 1726 laxari.
1496 1682 1628 1725 Tunc
1659 1694 1688 1724 a
1712 1686 1876 1723 sancto

447 1753 709 1801 vivificatus
741 1764 786 1801 et
810 1770 838 1802 a
862 1764 996 1819 patre
1025 1765 1261 1821 receptus,
1291 1767 1455 1821 sospes
1479 1773 1630 1819 usque
1653 1754 1803 1802 bodie
1826 1754 1874 1800 in

447 1814 774 1878 testiinonium
801 1832 986 1878 virtutis
1005 1832 1226 1880 habetur.

1001 1972 1160 2007 CAPUT
1185 1972 1318 2007 XLIV.

924 2058 976 2090 De
992 2057 1062 2091 alio
1079 2068 1174 2092 caeco
1188 2056 1403 2091 illuminato.

514 2151 610 2199 Sed
627 2162 674 2199 et
697 2153 758 2200 de
775 2154 971 2201 Pictavo
994 2153 1192 2218 quidam
1212 2169 1382 2210 caecus,
1410 2168 1496 2216 per
1517 2167 1596 2198 sex
1634 2166 1788 2197 annos
1805 2149 1878 2195 lu-

452 2229 580 2276 mine
607 2229 848 2291 viduatus‚
888 2230 1112 2279 triduana
1140 2230 1464 2296 prostratione
1487 2228 1548 2276 ad
1582 2228 1781 2276 beatum
1806 2236 1880 2273 tu-

451 2307 637 2354 mulum
659 2324 820 2367 orans,
839 2308 1004 2356 lumen
1028 2324 1126 2371 quo
1137 2307 1220 2355 diu
1239 2316 1474 2365 caruerat,
1496 2314 1727 2371 operante
1741 2305 1881 2351 solita

452 2382 642 2443 virtute,
657 2385 853 2448 recepit.
874 2387 1043 2432 Actum
1066 2394 1139 2432 est
1161 2394 1323 2431 autem
1347 2383 1444 2430 hoc
1467 2399 1554 2447 per
1577 2382 1879 2429 festivitatem

451 2461 602 2507 sancti
645 2463 862 2526 patroni,
911 2462 959 2509 in
994 2478 1091 2527 qua
1134 2462 1405 2508 Maroveus¹
1452 2460 1655 2507 Pictavis
1685 2459 1880 2507 antistes

452 2537 635 2600 aderat,
678 2557 777 2587 non
821 2542 1064 2588 immerito
1108 2540 1273 2587 Hilarii
1308 2538 1568 2587 beatissimi
1615 2536 1882 2602 discipulus

452 2618 818 2678 praeconandus.
856 2619 969 2677 Qui,
1003 2617 1305 2665 solemnitate
1344 2616 1582 2682 explicita,
1620 2631 1732 2663 cum
1764 2613 1880 2660 illu-

453 2694 636 2742 minato
659 2696 859 2743 concive
873 2696 1085 2761 gaudens
1099 2696 1326 2743 remeavit
1347 2694 1409 2743 ad
1429 2695 1673 2761 propriam
1694 2692 1877 2740 urbem.

506 2840 560 2886 (Ι)
582 2839 681 2878 Editi
700 2843 894 2879 Meroveus
918 2854 985 2880 seu
1006 2843 1222 2880 Meroneus.
1254 2842 1331 2892 (R.)
