2028 3458
397 280 473 317 176
618 281 684 316 DE
712 278 1004 316 VIRTUTIBUS
1032 278 1205 318 SANCTI
1233 279 1455 318 MAR'I'INI.
1480 282 1599 321 -11.

974 406 1132 443 CAPUT
1162 409 1243 443 LII.

783 490 836 524 De
857 489 928 524 alio
946 490 990 524 ab
1009 490 1162 526 humore
1180 492 1278 539 gravi
1295 502 1431 530 sanato.

461 585 588 632 Alter
610 600 807 648 quoque
833 593 1052 648 arreptus
1074 601 1102 632 a
1126 584 1257 633 febre
1280 586 1454 647 valida,
1481 588 1708 651 dejiciens
1733 604 1818 635 ore

396 677 653 721 venenum,
683 669 742 724 et.
760 675 847 724 per
862 660 1140 709 inferiorem
1157 672 1344 727 partem
1365 674 1497 711 extra
1520 664 1722 712 modum
1738 681 1818 712 so-

395 737 538 798 lutus,
560 737 735 786 lectulo
759 737 1049 786 decubabat.
1075 740 1223 803 Igitur
1245 751 1486 804 grassante
1506 759 1714 803 veneno,
1739 743 1819 791 la-

395 814 587 862 boranti
605 815 758 862 oritur
782 814 956 862 vulnus
983 816 1033 862 in
1066 817 1279 882 inguine,
1306 828 1354 865 et
1373 819 1644 867 incredibili
1667 819 1817 867 modo

395 902 558 940 movet
579 909 629 940 se
658 891 906 940 visibiliter
939 909 1091 957 usque
1126 893 1188 940 ad
1218 893 1449 959 plantam.
1480 899 1594 944 Erat
1617 898 1745 944 enim
1768 898 1817 944 in

395 969 726 1034 magnitudine
759 970 839 1017 ovi
869 970 1096 1017 anserini.
1127 970 1315 1019 Deinde
1351 989 1542 1019 sursum
1578 984 1817 1038 repetens,

395 1065 508 1095 cum
530 1049 682 1096 nimio
705 1047 873 1096 dolore
896 1049 1118 1096 discurrit
1141 1066 1229 1114 per
1250 1049 1416 1112 latera,
1435 1067 1522 1116 per
1542 1050 1758 1111 brachia,
1774 1061 1822 1099 et

395 1142 547 1190 usque
563 1126 624 1174 ad
641 1126 874 1173 cervicem
890 1125 1197 1191 progreditur
1214 1144 1224 1172 :
1243 1126 1419 1174 deinde
1436 1143 1523 1192 per
1546 1127 1678 1175 aliud
1700 1128 1823 1192 latus

394 1204 458 1252 ad
477 1204 691 1270 plantam
706 1222 860 1270 usque
879 1205 1135 1253 deducitur
1151 1222 1163 1263 ;
1184 1206 1358 1254 exinde
1382 1216 1644 1255 retrorsum
1665 1224 1823 1255 rever-

397 1290 519 1342 tens,
545 1282 607 1330 ad
634 1299 747 1330 eum
768 1282 932 1330 locum
957 1282 1087 1331 unde
1118 1283 1279 1348 primo
1308 1293 1468 1330 ortum
1500 1284 1653 1332 suerat
1669 1285 1818 1332 venit.

396 1358 613 1421 Cumque
645 1356 800 1404 taliter
832 1373 920 1422 per
952 1357 1170 1404 membra
1205 1367 1459 1421 vagaretur
1489 1360 1677 1423 aegroti,
1722 1375 1821 1423 quo

397 1433 540 1482 miser
575 1433 809 1495 tenderet,
847 1434 967 1498 quid
1005 1445 1163 1499 ageret
1202 1436 1469 1498 nesciebat,
1505 1437 1598 1484 nisi
1635 1446 1821 1484 tantum

398 1526 542 1558 voces
561 1528 673 1559 cum
696 1510 887 1559 fletibus
907 1511 1071 1559 dabat.
1098 1511 1328 1576 Exigebat
1354 1513 1484 1560 enim
1508 1513 1650 1560 dolor
1672 1514 1820 1578 gemi-

398 1596 519 1647 tum,
543 1605 656 1636 cum
676 1589 726 1635 in
763 1605 863 1636 uno
887 1590 1175 1654 corpusculo
1200 1590 1320 1637 tanti
1350 1590 1544 1639 dolores
1562 1592 1816 1639 irruerent.

395 1665 610 1713 Tandem
628 1683 741 1713 cum
760 1665 861 1713 haec
876 1665 1019 1713 nobis
1039 1666 1259 1714 nuntiata
1280 1667 1496 1729 fuissent,
1519 1667 1683 1715 indico
1709 1668 1822 1716 soli-

396 1751 496 1789 tam
518 1742 781 1791 theriacam
805 1759 834 1790 a
868 1760 984 1791 vero
1019 1743 1199 1808 requiri
1230 1743 1440 1806 medico,
1467 1762 1524 1792 ex
1554 1762 1654 1809 quo
1677 1747 1822 1794 vitam

397 1820 659 1867 moriturus
679 1819 879 1868 haberet
906 1838 917 1867 ε
944 1820 1126 1867 suadeo
1144 1819 1350 1868 fidenter
1373 1821 1622 1887 pulverem
1645 1825 1821 1870 assumi

397 1898 459 1946 de
480 1899 687 1947 tumulo.
718 1902 776 1947 At
799 1899 1022 1948 satellites
1050 1916 1162 1947 cum
1185 1917 1358 1965 magna
1383 1901 1685 1949 festinatione
1713 1920 1822 1949 cur-

398 1986 581 2037 rentes,
622 1978 861 2025 elevatum
888 1976 1137 2042 pulverem
1169 1980 1472 2026 monumenti
1510 1979 1731 2027 deferunt
1760 1980 1821 2027 ad

398 2065 630 2118 aegrotum
648 2091 661 2115 ,
691 2055 1059 2119 delibutumque
1083 2072 1195 2103 cum
1222 2057 1338 2103 vino
1367 2056 1636 2104 bibendum
1670 2059 1822 2122 porri·

400 2141 534 2195 gunt.
560 2134 670 2189 Quo
691 2131 884 2191 hausto,
911 2133 978 2179 ita
999 2132 1157 2180 omnis
1178 2131 1320 2179 dolor
1337 2133 1521 2197 fugatus
1538 2144 1624 2194 est,
1647 2144 1700 2181 ut
1722 2136 1822 2199 ipsa

398 2208 521 2257 hora
537 2209 816 2257 redderetur
835 2209 1109 2257 incolumis.

966 2346 1123 2382 CAPUT
1147 2347 1247 2382 Lm.

861 2430 914 2464 De
928 2442 1071 2465 exsense
1090 2429 1342 2477 redintegrato.

467 2527 578 2574 Sine
602 2544 806 2575 numero
836 2528 1004 2592 populi
1043 2527 1151 2575 talia
1174 2527 1440 2587 audientes,
1468 2527 1529 2575 de
1550 2528 1825 2594 longinquis

401 2603 677 2668 regionibus
697 2603 824 2651 beati
843 2613 1070 2669 expetunt
1090 2604 1306 2669 praesidia
1324 2605 1625 2652 confessoris.
1651 2610 1667 2652 1
1673 2624 1702 2653 n
1726 2623 1823 2670 quo

401 2681 520 2729 illud
544 2691 614 2729 est
635 2685 733 2746 'prae
755 2682 933 2728 caeteris
955 2681 1311 2739 admirandum,
1332 2682 1535 2747 qualiter
1555 2699 1720 2731 sensus
1740 2683 1824 2729 ho-

402 2763 590 2811 minum
638 2762 819 2812 diaboli
862 2772 962 2811 arte
1009 2763 1212 2811 fraudati
1251 2765 1576 2812 restituantur.
1617 2763 1821 2822 Quidam
