2028 3458
441 274 518 313 404
808 273 874 308 DE
902 270 1087 308 GLORIA
1114 269 1479 308 CONFESSORUM.

441 361 501 409 ab
519 378 578 408 eo
601 360 810 421 eulogias
835 359 1086 423 acciperet.
1121 357 1306 416 Quibus
1330 358 1551 422 acceptis,
1581 355 1782 420 sumpsit
1806 365 1852 401 et

439 438 570 486 abiit.
595 440 809 499 Cumque
829 435 890 482 ad
913 451 1102 482 amnem
1130 433 1289 481 adhuc
1316 444 1425 481 ante
1450 434 1675 481 lucanum
1702 433 1852 480 venis-

439 526 525 575 set,
551 514 774 579 imposito
796 513 1008 577 plaustro
1028 528 1140 559 cum
1163 510 1322 558 bobus
1347 511 1394 558 in
1422 520 1582 575 ponte,
1606 511 1687 575 qui
1711 527 1853 575 super

439 608 608 639 navem
632 591 814 637 locatus
837 599 952 649 erat,
981 589 1181 635 alterum
1207 597 1495 635 transmeare
1529 589 1672 653 coepit
1702 589 1751 635 in
1786 587 1855 634 lit-

437 679 512 716 tus
540 687 550 715 :
593 684 759 715 verum
799 666 881 713 ubi
915 667 963 713 in
998 665 1213 713 medium
1244 666 1397 712 amnis
1431 665 1639 725 devenit,
1673 665 1851 714 audivit

434 762 604 794 vocem
625 745 863 792 dicentem
890 762 900 791 :
936 764 959 789 «
980 747 1155 809 Merge,
1188 761 1364 808 merge,
1391 760 1452 792 ne
1475 745 1691 792 moreris.
1715 765 1737 788 »
1766 745 1852 791 Cui

435 823 727 889 respondens
753 839 846 869 vox
864 821 959 869 alia
981 822 1046 869 ait
1071 840 1116 868 z«
1136 822 1247 869 Sine
1268 832 1350 869 tua
1371 822 1502 869 enim
1525 821 1853 869 admonitione

435 916 538 964 quae
569 898 836 964 proclamas
859 897 1088 958 fecissem,
1124 898 1162 944 si
1187 914 1261 944 res
1290 914 1421 945 sacra
1455 897 1573 944 meis
1606 896 1855 944 conatibus

435 993 533 1024 non
560 975 787 1023 obstaret.
814 977 934 1021 Nam
954 975 1073 1022 scias
1096 991 1207 1022 eum
1231 975 1428 1038 eulogiis
1464 974 1721 1023 sacerdotis
1755 990 1855 1021 esse

432 1054 689 1116 munitum,
717 1053 826 1100 ideo
851 1052 896 1100 ei
919 1069 1093 1100 nocere
1116 1070 1215 1100 non
1246 1069 1459 1118 possum.
1481 1074 1504 1097 »
1537 1056 1593 1101 At
1612 1052 1688 1100 ille
1711 1068 1854 1100 voces

434 1133 650 1192 audiens,
678 1140 725 1179 et
746 1147 1001 1196 personam
1028 1130 1210 1178 nullius
1229 1147 1447 1194 cernens,
1473 1149 1528 1180 ac
1551 1132 1611 1179 de
1633 1148 1682 1179 se
1708 1130 1853 1178 verba

427 1211 590 1275 jactari
614 1225 924 1274 cognoscens,
947 1209 1235 1272 consignans
1257 1227 1306 1256 se
1329 1227 1470 1258 cruce
1492 1210 1734 1257 dominica
1754 1226 1854 1274 gra-

428 1289 516 1336 tias
550 1292 652 1336 Deo
682 1288 793 1350 egit,
829 1286 963 1351 quod
997 1287 1040 1333 ei
1079 1303 1190 1352 pars
1228 1288 1425 1335 adversa
1462 1288 1715 1353 praevalere
1751 1304 1849 1334 non

428 1367 601 1431 potuit.
620 1368 753 1412 Tunc
771 1365 819 1411 in
840 1364 971 1411 littus
989 1363 1186 1412 ulterius
1203 1366 1531 1430 progrediens,
1553 1383 1664 1413 cum
1686 1375 1851 1431 optato

429 1459 574 1491 onere
602 1442 806 1490 domum
831 1457 1068 1505 regressus
1091 1452 1160 1489 est
1182 1443 1353 1492 salvus.

961 1617 1118 1652 CAPUT
1143 1616 1300 1653 XXXII.

903 1719 956 1754 De
972 1718 1113 1754 duobus
1129 1718 1328 1753 amantibus
1340 1718 1366 1753 ⁹.

491 1852 623 1897 Duos
641 1849 781 1896 fuisse
803 1847 932 1912 apud
960 1849 1240 1909 Arvernum,
1268 1848 1430 1895 virum
1454 1848 1629 1896 scilicet
1651 1860 1698 1898 et
1718 1849 1849 1916 puel-

425 1929 544 1986 lam,
586 1927 728 1974 refert
749 1926 1024 1989 antiquitaS‚
1061 1926 1145 1989 qui
1181 1926 1426 1990 conjuncti
1465 1927 1708 1991 conjugio,
1748 1945 1846 1976 non

427 2008 572 2064 coitu,
600 2015 646 2052 et
667 2006 715 2052 in
739 2021 836 2052 uno
859 2014 1008 2051 stratu
1031 1997 1344 2068 quiescentes,
1371 2022 1470 2052 non
1497 2015 1608 2052 sunt
1631 2006 1692 2054 ab
1712 2006 1847 2053 alter-

427 2092 537 2129 utro
550 2081 721 2147 polluti
743 2082 790 2128 in
807 2080 1050 2146 voluptate
1075 2081 1270 2129 carnali.
1301 2084 1410 2129 Post
1430 2081 1607 2129 multos
1627 2099 1740 2130 vero
1765 2099 1846 2131 an-

430 2176 518 2207 nos
540 2176 650 2206 cum
673 2160 740 2206 eis
761 2168 882 2206 esset
901 2159 1100 2206 latenter
1124 2159 1218 2206 vita
1242 2158 1517 2220 castissima,
1535 2176 1589 2206 ex
1607 2176 1844 2208 consensu

429 2237 549 2302 pari,
580 2236 652 2283 vir
680 2245 953 2283 tonsuratus
974 2235 1037 2283 ad
1068 2235 1360 2296 clericatum,
1399 2236 1556 2300 puella
1593 2254 1708 2285 vero
1744 2237 1847 2285 reli-

431 2314 615 2377 giosum
638 2314 793 2360 induit
813 2314 1163 2361 vestimentum.
1189 2316 1383 2361 Factum
1410 2325 1480 2361 est
1503 2324 1662 2362 autem
1687 2326 1737 2363 ut
1760 2316 1845 2362 im-

430 2392 566 2455 pletis
597 2391 767 2438 dlebus
795 2391 957 2455 puella
983 2391 1207 2454 migraret
1238 2407 1267 2438 a
1295 2391 1496 2451 saeculo;
1537 2393 1743 2458 denique
1774 2393 1846 2438 vir

429 2469 528 2532 ejus
566 2477 824 2533 praeparata
858 2469 1121 2533 sepultura,
1161 2468 1375 2516 exhibuit
1409 2471 1749 2535 corpusculum
1782 2469 1842 2518 ad

426 2548 770 2613 sepeliendum.
791 2551 1009 2606 Cumque
1023 2565 1129 2596 eam
1152 2550 1371 2605 sepulcro
1394 2552 1694 2615 reconderet,
1716 2568 1846 2600 arca-

479 2721 533 2767 (1)
559 2722 617 2757 De
645 2719 784 2757 dnobus
808 2724 975 2770 conjugis
1002 2720 1205 2771 virginibus
1236 2736 1390 2772 quorum
1415 2728 1587 2774 sepulcra
1617 2737 1747 2776 sponte
1770 2726 1844 2764 sibi

424 2784 618 2827 conjuncta
635 2788 735 2827 sunt,
752 2781 867 2819 2791.
