2028 3458
448 292 451 295 ,
486 263 536 301 14
708 240 774 297 13ss
802 226 1094 296 vmru'nssns
1122 253 1293 293 SANcn
1323 251 1548 291 mamm.
1570 272 1623 279 —
1641 252 1672 289 1.

486 351 626 416 pulsu
647 358 892 397 commoto
921 354 1092 406 vento,
1121 342 1308 391 classis²
1333 341 1382 387 in
1404 339 1647 406 profundo
1665 341 1901 405 demergi-

488 439 580 487 tur,
598 438 643 475 et
662 444 798 475 sexus
826 435 1027 488 uterque
1045 421 1106 469 ab
1126 437 1267 468 amne
1282 419 1521 484 diripitur.
1545 422 1762 484 Cumque
1781 420 1904 466 inter

489 505 719 571 procellas
739 505 971 551 fluctuum
996 503 1268 547 rotarentur
1288 507 1333 543 et
1360 514 1467 563 spes
1494 497 1653 544 omnis
1669 496 1904 544 evadendi

488 585 771 650 deperisset,
792 598 887 628 una
911 579 1128 626 omnium
1150 593 1243 624 vox
1265 576 1312 622 in
1333 576 1542 623 clamore
1559 575 1816 641 profertur,
1839 575 1906 621 di-

490 679 601 710 cens
622 679 632 707 ε
653 682 674 706 «
692 660 935 707 Miserator
958 656 1174 716 Martine,
1192 654 1320 718 eripe
1342 669 1370 700 a
1390 654 1605 718 praesenti
1621 653 1814 700 interitu
1838 652 1906 699 fa-

491 735 648 783 mulos
666 732 956 797 famulasque
978 728 1102 778 tuas!
1122 749 1144 774 »
1163 729 1246 775 His
1269 728 1425 790 dictis,
1446 745 1556 776 ecce
1578 726 1762 774 afflatus
1782 743 1908 774 aurae

492 810 724 877 placidus,
740 820 868 857 artus
887 807 1246 855 submersorum
1263 804 1534 852 subvehens
1553 804 1613 852 ab
1632 803 1775 851 undis
1796 804 1907 850 illae-

491 907 598 951 sos,
623 905 791 936 omnes
824 886 998 947 littori,
1033 884 1166 949 quod
1199 882 1563 942 desiderabant,
1595 882 1721 929 unda
1755 882 1908 928 famu-

492 969 618 1016 lante
635 1005 647 1029 ,
672 965 873 1014 restituit
895 981 906 1010 ι
931 980 1022 1010 nec
1047 962 1172 1010 ullus
1194 962 1423 1027 deperiit;
1449 959 1533 1008 sed
1562 960 1724 1007 cuncti
1745 959 1910 1006 salvati

492 1045 730 1112 paschalia
745 1045 859 1092 festa
872 1058 1058 1090 summa
1071 1059 1181 1089 cum
1197 1041 1508 1088 exsultatione
1523 1039 1759 1105 perfuncti
1779 1047 1907 1086 sunt.

493 1127 601 1171 Non
621 1125 749 1171 enim
772 1121 920 1169 defuit
944 1121 1024 1168 illa
1046 1121 1222 1180 virtus,
1249 1137 1356 1184 quae
1375 1118 1638 1166 Jordanem
1665 1116 1910 1178 scindenS,

494 1201 728 1267 populum
759 1199 847 1248 sub
878 1215 1112 1263 aquarum
1140 1197 1350 1245 molibus
1382 1198 1596 1261 margine
1625 1205 1787 1244 arente
1810 1204 1913 1241 tra-

496 1280 657 1341 duxit,
680 1296 789 1326 cum
813 1278 871 1325 de
905 1277 1053 1324 fundo
1077 1277 1211 1324 fluvii
1236 1275 1494 1323 duodecim
1522 1273 1706 1340 lapides
1731 1272 1916 1320 ablatos

496 1358 629 1422 signa
655 1356 912 1422 apostolica
932 1356 1184 1419 gestientes
1213 1356 1355 1402 Josue
1385 1353 1534 1401 littori
1556 1352 1634 1401 cui
1661 1351 1918 1399 advenerat

497 1432 814 1490 consecravit3
834 1430 910 1478 vel
934 1430 1015 1477 illa
1037 1446 1140 1493 quae
1165 1432 1357 1477 Petrum
1390 1437 1672 1493 pereuntem
1709 1427 1788 1491 pia
1812 1441 1918 1472 am-

497 1511 706 1576 plectens
731 1510 946 1571 dextera,
967 1526 1029 1557 ne
1052 1509 1244 1574 periret,
1266 1509 1465 1573 eripuit;
1494 1507 1570 1555 vel
1595 1523 1701 1571 quae
1720 1515 1917 1553 nautam

498 1589 873 1648 submersurum,
896 1587 1085 1634 Martini
1103 1587 1366 1635 Dominum
1384 1586 1710 1646 invocantem,
1728 1583 1788 1630 de
1807 1598 1918 1648 pro-

501 1666 651 1713 fundo
672 1667 826 1731 pelagi
847 1665 909 1713 ad
930 1665 1060 1712 littus
1083 1664 1217 1729 quod
1239 1663 1439 1729 optabat
1459 1662 1636 1710 elicuit.

565 1744 789 1803 Quidam,
814 1760 903 1809 pro
935 1742 1273 1790 benedictione
1305 1741 1487 1806 aliquid
1514 1756 1633 1788 cerae
1665 1737 1727 1786 de
1759 1746 1921 1785 sancta

500 1817 598 1865 aede
611 1833 849 1866 assumere
866 1818 1104 1882 flagitans,
1122 1816 1304 1882 aliquid
1321 1833 1438 1864 cera·
1456 1815 1516 1863 de
1534 1814 1752 1880 sepulcro
1770 1812 1920 1859 sancti

501 1897 699 1960 accepit,
716 1906 762 1943 et
778 1896 901 1943 infra
916 1895 1179 1961 penetralia
1197 1894 1372 1941 domus
1395 1904 1621 1956 tanquam
1645 1890 1921 1937 thesaurum

502 1973 738 2019 coelestem
767 1973 993 2037 reposuit.
1021 1975 1218 2019 Factum
1243 1981 1314 2018 est
1342 1980 1502 2018 autem
1533 1978 1586 2016 ut
1618 1966 1795 2015 invidia
1819 1976 1921 2012 ten-

505 2051 667 2096 tatoris
686 2051 950 2097 immissum
968 2050 1244 2096 incendium
1263 2049 1437 2096 domus
1450 2047 1611 2095 voraci
1631 2046 1821 2092 flamma
1837 2043 1924 2089 cir-

505 2131 871 2189 cumureretur²,
901 2137 947 2175 et
980 2144 1198 2193 sparsum
1236 2144 1322 2193 per
1346 2125 1502 2173 aridas
1532 2123 1718 2171 tabulas
1752 2130 1925 2169 cuncta

506 2215 726 2253 vastaret.
760 2208 944 2252 Interea
977 2205 1161 2252 clamor
1194 2204 1255 2251 ad
1283 2204 1458 2251 coelum
1485 2201 1691 2262 tollitur,
1720 2209 1768 2246 et
1799 2198 1925 2245 beati

508 2283 693 2330 Martini
721 2283 945 2330 auxilium
974 2284 1278 2348 imploratur.
1306 2282 1582 2329 Meminitur
1602 2282 1616 2303 ³
1640 2279 1782 2326 etiam
1807 2294 1925 2323 cerae

563 2499 619 2551 (1)
651 2502 761 2538 Rom.
786 2499 839 2552 (et
857 2500 977 2554 2204)
1007 2505 1126 2539 navis.
1148 2503 1195 2539 Et
1220 2500 1320 2539 insra
1347 2500 1419 2538 Ed.
1446 2509 1483 2537 et
1500 2500 1665 2550 populus
1691 2498 1856 2547 undique
1879 2495 1928 2532 ab

511 2580 633 2604 amne.
658 2566 740 2618 (R.)

564 2631 621 2684 (Ξ)
643 2634 762 2683 Supp.
785 2634 861 2671 243
881 2642 918 2671 et
936 2633 1062 2672 Cl.-F.
1086 2638 1358 2673 circumoritar.

565 2696 622 2749 (3)
644 2698 705 2737 Sic
729 2698 874 2737 habent
901 2713 990 2738 mSS.
1022 2712 1178 2749 mnnes3
1205 2700 1429 2739 Ruinartius
1454 2709 1582 2739 tamen
1605 2702 1775 2736 meminit
1800 2697 1926 2748 impo-

515 2758 641 2802 suerat
657 2764 716 2802 isti
737 2764 836 2803 loeo.
860 2767 1122 2803 Ilemt'niscimr
1140 2781 1236 2816 ecre,
1260 2769 1377 2806 5334.
