2028 3458
446 277 521 315 232
660 276 725 313 DE
751 274 1043 311 VIRTUTIBUS
1070 274 1241 312 SANCTI
1269 273 1491 310 MARTINI.
1514 294 1565 301 —
1583 274 1635 311 11.

448 364 632 428 ungulae
649 364 694 409 in
712 362 918 427 palmam
939 380 949 408 :
980 362 1327 426 contractisque
1341 362 1449 408 totis
1461 360 1843 423 digitisdexterae,

447 441 508 488 ad
531 440 843 487 diversorium
864 437 1124 500 regreditur
1136 455 1246 484 cum
1265 455 1485 485 moerore.
1511 441 1621 484 Post
1641 448 1848 501 quatuor

447 534 560 564 vero
587 533 737 563 annos
760 515 820 561 ad
849 514 1088 561 basilicam
1120 516 1267 562 sancti
1295 515 1503 575 advenit,
1538 517 1849 579 orationeque

448 594 567 639 sacta
598 602 787 638 sanatus
817 600 903 649 est,
930 590 1189 655 praedicans
1222 591 1410 656 populis
1447 609 1507 639 ne
1540 592 1714 639 factum
1750 592 1850 654 ejus

446 670 550 734 quis
574 669 853 727 imitaretur,
867 684 928 714 ne
946 668 1062 713 tanti
1086 667 1181 714 diei
1205 668 1435 715 solemnia
1458 685 1627 716 avarus
1646 668 1852 732 agricola

447 745 720 804 macularet,
771 762 830 791 ne
858 745 1214 792 resurrectionis
1252 762 1392 792 sacrae
1421 761 1477 793 ac
1514 746 1852 811 redemptionis

449 834 620 871 nostrae
637 822 825 870 coeleste
847 822 1123 886 mysterium
1144 822 1415 870 humanitas
1437 821 1642 880 infirma,
1669 832 1854 869 terrena

450 916 674 948 exercens
691 900 841 964 ‘opera
858 898 1150 945 dissolveret.

1003 1056 1160 1091 CAPUT
1182 1056 1301 1091 XXX.

771 1153 823 1186 De
838 1164 964 1199 puero,
979 1151 1037 1186 cui
1057 1151 1259 1186 stomachus
1275 1149 1531 1184 infirmabatur.

517 1248 745 1293 Puerulus
768 1247 961 1310 quidam
987 1264 1044 1293 ex
1066 1246 1305 1310 Albigensi
1320 1248 1348 1306 ¹,
1376 1244 1643 1292 tabescente
1663 1244 1859 1292 diversis

455 1323 633 1370 morbis
645 1323 909 1385 stomacho,
925 1324 1085 1370 cibum
1099 1334 1362 1388 potumque
1377 1321 1683 1377 exhorrebat3
1705 1322 1860 1385 ipsum

455 1416 650 1464 quoque
672 1400 805 1464 quod
828 1401 1041 1464 accipere
1065 1399 1313 1447 videbatur
1336 1415 1445 1445 cum
1468 1399 1598 1461 gravi
1622 1397 1859 1460 rejiciebat

456 1477 783 1524 amaritudine.
815 1480 1029 1540 Cumque
1057 1493 1141 1540 per
1169 1476 1346 1523 multos
1371 1475 1471 1522 dies
1494 1475 1543 1521 in
1577 1475 1672 1521 hoc
1696 1475 1861 1521 labore

456 1554 760 1612 cruciaretur,
795 1553 888 1601 fide
923 1554 1091 1618 plenus
1122 1554 1408 1601 desiderium
1442 1553 1610 1600 habuit
1639 1553 1861 1599 veniendi

457 1630 517 1677 ad
538 1630 778 1677 basilicam
800 1630 925 1679 beati
949 1631 1248 1678 confessoris.
1276 1634 1328 1676 In
1347 1647 1441 1694 qua
1463 1647 1548 1695 per
1570 1630 1780 1676 triduum
1796 1631 1862 1694 je-

451 1708 625 1771 junans
656 1716 702 1753 et
724 1722 882 1766 orans,
897 1706 975 1753 die
991 1717 1158 1771 quarta
1182 1706 1444 1771 accipiendi
1465 1706 1558 1753 cibi
1574 1707 1863 1754 desiderium

457 1783 598 1848 capit,
623 1784 882 1847 vinumque
905 1800 987 1830 ore
1007 1783 1222 1831 delibans
1240 1784 1531 1831 confortatus
1553 1794 1621 1831 est
1645 1802 1653 1831 :
1690 1784 1863 1832 dehinc

458 1859 625 1923 gratias
646 1876 806 1923 agens,
826 1876 967 1908 sanus
988 1860 1211 1908 discessit.

1000 2006 1157 2041 CAPUT
1186 1971 1322 2041 ΧΧἸΞῙ.

907 2099 956 2131 De
973 2097 1114 2132 dextera
1132 2097 1286 2132 mulieris
1303 2096 1413 2131 arida.

527 2193 691 2239 Mulier
721 2194 954 2257 quaedam,
981 2202 1029 2239 et
1058 2193 1176 2257 ipsa,
1214 2201 1266 2238 ut
1302 2192 1452 2251 aiunt,
1492 2209 1546 2238 ex
1590 2191 1868 2253 Andegavo’

463 2269 672 2325 veniens,
707 2286 810 2333 quae
841 2269 1062 2319 omnibus
1095 2269 1288 2334 quidem
1323 2268 1548 2316 membris
1588 2268 1719 2315 arida
1747 2277 1863 2325 erat,

463 2345 545 2392 sed
563 2346 796 2410 praecipue
818 2346 1058 2394 dexteram
1082 2363 1192 2393 cum
1220 2346 1375 2408 digitis
1409 2345 1662 2392 aridiorem
1693 2345 1869 2391 caeteris

464 2421 659 2469 artubus
683 2422 940 2481 deferebat,
964 2423 1026 2470 ad
1048 2423 1320 2488 sepulcrum
1355 2423 1503 2469 sancti
1534 2422 1864 2488 prosternitur.

464 2498 644 2546 Exinde
666 2515 866 2563 egressa,
893 2515 978 2565 per
1001 2515 1209 2564 paucum
1231 2509 1416 2564 tempus
1434 2500 1481 2545 in
1507 2500 1627 2546 atrio
1657 2513 1869 2545 commo-

517 2689 572 2736 (1)
593 2685 768 2725 Albiense
786 2689 910 2735 5326,
933 2689 1033 2729 5329
1048 2717 1058 2735 ‚
1080 2690 1198 2739 5335,
1219 2690 1316 2728 Cott.

519 2750 572 2799 (Ξ)
591 2751 688 2790 3801
716 2751 926 2788 Amlecuva.
