2028 3458
481 272 558 308 358
852 268 917 304 DE
945 265 1131 303 GLORIA
1158 265 1528 303 CONFESSORUM.

1054 419 1210 454 CAPUT
1236 419 1320 454 vu.

1014 519 1064 554 De
1081 518 1208 553 arbore
1227 527 1354 553 erecta.

539 625 645 671 Fuit
670 633 716 671 et
745 624 793 670 in
818 621 1137 670 Nobiliacensi
1161 638 1286 686 pago
1310 620 1441 668 urbis
1462 622 1706 668 Turonicae
1730 620 1891 682 arbor,

472 720 575 768 quoe
597 703 658 750 ab
682 701 888 767 impulsu
913 701 1037 748 venti
1063 717 1223 759 ruens,
1252 700 1375 746 viam
1397 698 1638 763 publicam
1661 699 1895 763 impedie-

471 780 569 827 bat.
601 782 745 838 Quod
765 780 854 826 iter
876 796 987 826 cum
1012 779 1081 824 vir
1103 777 1271 825 beatus
1290 785 1465 841 ageret,
1489 776 1717 822 viantium
1739 786 1896 823 motus

473 857 815 918 misericordia,
843 856 966 904 facto
992 856 1198 921 desuper
1223 856 1358 919 signo
1381 855 1535 901 crucis
1554 891 1564 911 ‚
1592 855 1738 901 erexit
1766 871 1890 901 eam.

473 939 589 994 Quae
612 953 761 999 usque
777 952 907 982 nunc
926 945 1049 982 stare
1065 935 1197 998 juxta
1219 935 1345 981 viam
1363 943 1517 981 erecta
1530 933 1629 980 visa
1646 944 1732 992 est,
1753 934 1894 980 etiam

473 1024 761 1081 praemortua
788 1031 796 1059 :
825 1014 935 1078 quia
959 1012 1160 1078 spoliata
1182 1013 1379 1067 cortice,
1408 1010 1596 1058 vivebat
1621 1021 1776 1058 tamen
1808 1011 1895 1057 ho-

473 1109 591 1139 nore
608 1092 698 1138 viri
719 1092 804 1138 Dei
823 1109 834 1147 ;
858 1091 920 1138 de
937 1108 1034 1155 quo
1053 1091 1229 1137 cortice
1249 1089 1385 1136 multi
1407 1087 1608 1135 fideliter
1628 1088 1892 1148 eradentes,

474 1179 526 1217 ut
560 1169 760 1217 dilutam
793 1185 917 1232 aqua
941 1168 1218 1228 sumebant,
1258 1184 1371 1214 mox
1406 1166 1722 1214 medicamina
1745 1166 1897 1231 capie-

473 1247 608 1295 bant.
636 1246 854 1295 Vidimus
875 1247 1017 1294 etiam
1038 1262 1127 1293 nos
1148 1245 1274 1293 hanc
1296 1244 1519 1292 arborem
1538 1254 1761 1293 erectam.

1034 1412 1192 1448 CAPUT
1216 1412 1324 1447 VIII.

845 1513 899 1547 De
914 1511 1073 1548 oratorio
1087 1511 1367 1548 Martiniacensis
1384 1511 1522 1560 praedii.

537 1615 683 1677 Igitur
697 1613 936 1660 Turonico
951 1612 1132 1678 oppido
1150 1613 1414 1660 oratorium
1431 1622 1531 1659 erat
1548 1612 1895 1678 propinquum,

471 1692 615 1739 situm
638 1692 686 1738 in
707 1691 820 1738 villa
846 1690 1212 1745 Martiniacensi‚
1239 1690 1287 1735 in
1313 1707 1412 1753 quo
1444 1689 1630 1736 celebre
1662 1689 1899 1738 ferebatur

473 1769 642 1833 saepius
668 1785 825 1816 orasse
851 1769 1124 1821 Martinum.
1153 1767 1370 1831 Denique
1394 1767 1689 1813 Guntharius
1719 1766 1897 1815 abbas¹

473 1845 591 1894 dum
614 1847 742 1911 gregi
773 1844 1092 1893 monasteriali
1129 1854 1364 1909 praeesset,
1402 1845 1441 1891 si
1475 1846 1600 1892 viam
1633 1861 1739 1909 quae
1768 1844 1895 1891 haud

473 1923 642 1988 procul
667 1924 728 1971 ab
757 1911 967 1971 oratorio
997 1923 1233 1969 inceditur
1256 1939 1369 1969 casu
1392 1923 1668 1970 conferente
1701 1932 1895 1981 tereret,

473 2002 689 2048 oratione
711 2001 833 2049 facta
852 2000 1099 2048 transibat.
1128 2004 1240 2047 Post
1261 2012 1557 2066 assumptum
1580 2017 1692 2047 vero
1716 2002 1898 2065 episco-

472 2088 667 2143 patum,
695 2095 914 2141 aggerem
939 2080 1095 2144 ipsum
1126 2079 1411 2143 praeteriens,
1446 2079 1574 2124 venit
1597 2088 1707 2125 ante
1730 2087 1897 2124 orato-

474 2156 616 2216 rium,
648 2155 731 2202 sed
763 2155 944 2202 distulit
970 2155 1031 2203 ad
1066 2156 1334 2203 orationem
1359 2156 1407 2201 in
1439 2154 1546 2201 loco
1571 2155 1892 2203 descendere:

473 2232 597 2279 illico
623 2249 774 2296 equus
805 2250 1090 2280 conversum
1125 2232 1306 2279 habens
1343 2243 1486 2297 caput
1520 2233 1581 2279 ad
1611 2234 1894 2291 oratorium,

473 2309 523 2355 in
544 2309 699 2356 media
724 2318 865 2356 restat
889 2310 981 2357 via.
1010 2309 1194 2356 Dehinc
1225 2309 1501 2356 verberatur
1522 2309 1748 2368 calcibus,
1788 2310 1900 2357 loris

472 2387 642 2449 agitur,
676 2397 868 2450 urgetur
887 2388 1087 2434 stimulis
1109 2405 1118 2433 ε
1140 2388 1222 2434 sed
1244 2397 1470 2451 tanquam
1489 2404 1646 2434 aeneus
1671 2405 1767 2434 non
1794 2405 1898 2435 mo·

476 2474 626 2510 vetur.
656 2467 787 2510 Tunc
806 2464 1026 2511 sacerdos
1056 2465 1199 2511 sensit
1231 2481 1280 2511 se
1313 2465 1486 2511 virtute
1522 2464 1685 2512 divina
1715 2466 1894 2524 teneri3

475 2550 521 2587 et
550 2540 872 2601 descendens,
913 2541 1031 2589 sacta
1064 2543 1303 2603 oratione,
1346 2543 1504 2605 equite
1543 2559 1739 2590 ascenso
1777 2560 1896 2608 prae·

526 2726 582 2772 (1)
607 2726 666 2762 De
685 2737 731 2762 eo
749 2723 959 2776 Gregorius
978 2723 1045 2763 lib.
1068 2738 1106 2762 ιν
1135 2727 1238 2763 Hist.
1259 2737 1374 2777 capp.
1404 2727 1427 2763 4
1451 2733 1488 2763 et
1516 2728 1580 2772 11,
1604 2733 1642 2763 et
1662 2724 1730 2763 lib.
1762 2738 1786 2762 x
1809 2738 1894 2776 cap.

471 2786 620 2825 ultimo.
