<?xml version="1.0" encoding="UTF-8"?>
<!DOCTYPE html PUBLIC "-//W3C//DTD XHTML 1.0 Transitional//EN"
    "http://www.w3.org/TR/xhtml1/DTD/xhtml1-transitional.dtd">
<html xmlns="http://www.w3.org/1999/xhtml" xml:lang="en" lang="en">
 <head>
  <title>
</title>
<meta http-equiv="Content-Type" content="text/html;charset=utf-8" />
  <meta name='ocr-system' content='tesseract 3.04.00' />
  <meta name='ocr-capabilities' content='ocr_page ocr_carea ocr_par ocr_line ocrx_word'/>
</head>
<body>
  <div class='ocr_page' id='page_1' title='image "./leslivresdesmira02greguoft_0260.png"; bbox 0 0 2028 3458; ppageno 0'>
   <div class='ocr_carea' id='block_1_1' title="bbox 481 341 1680 387">
    <p class='ocr_par' dir='ltr' id='par_1_1' title="bbox 481 341 1680 387">
     <span class='ocr_line' id='line_1_1' title="bbox 481 341 1680 387; baseline -0.008 -2"><span class='ocrx_word' id='word_1_1' title='bbox 481 350 558 387; x_wconf 71' lang='lat'>244</span> <span class='ocrx_word' id='word_1_2' title='bbox 682 347 746 383; x_wconf 88' lang='lat' dir='ltr'>DE</span> <span class='ocrx_word' id='word_1_3' title='bbox 776 342 1066 380; x_wconf 84' lang='lat' dir='ltr'>VIRTUTIBUS</span> <span class='ocrx_word' id='word_1_4' title='bbox 1095 342 1267 379; x_wconf 88' lang='lat' dir='ltr'><strong>SANCTI</strong></span> <span class='ocrx_word' id='word_1_5' title='bbox 1295 342 1515 378; x_wconf 87' lang='lat' dir='ltr'><strong>MARTINI.</strong></span> <span class='ocrx_word' id='word_1_6' title='bbox 1537 359 1589 366; x_wconf 94' lang='grc'>--</span> <span class='ocrx_word' id='word_1_7' title='bbox 1612 341 1680 377; x_wconf 93' lang='lat'><em>111.</em></span> 
     </span>
    </p>
   </div>
   <div class='ocr_carea' id='block_1_2' title="bbox 474 427 1887 1104">
    <p class='ocr_par' dir='ltr' id='par_1_2' title="bbox 474 427 1887 1104">
     <span class='ocr_line' id='line_1_2' title="bbox 479 427 1885 499; baseline -0.008 -17"><span class='ocrx_word' id='word_1_8' title='bbox 479 436 561 483; x_wconf 90' lang='lat' dir='ltr'>ubi</span> <span class='ocrx_word' id='word_1_9' title='bbox 586 441 817 499; x_wconf 84' lang='lat' dir='ltr'>prostrata</span> <span class='ocrx_word' id='word_1_10' title='bbox 841 431 1013 477; x_wconf 87' lang='lat' dir='ltr'>iterum</span> <span class='ocrx_word' id='word_1_11' title='bbox 1042 428 1157 475; x_wconf 89' lang='lat' dir='ltr'>dicit</span> <span class='ocrx_word' id='word_1_12' title='bbox 1183 428 1279 475; x_wconf 94' lang='lat' dir='ltr'>suis</span> <span class='ocrx_word' id='word_1_13' title='bbox 1308 446 1317 474; x_wconf 92' lang='lat'>:</span> <span class='ocrx_word' id='word_1_14' title='bbox 1359 448 1381 471; x_wconf 75' lang='lat' dir='ltr'>c&lt;</span> <span class='ocrx_word' id='word_1_15' title='bbox 1411 431 1515 474; x_wconf 88' lang='lat' dir='ltr'>Non</span> <span class='ocrx_word' id='word_1_16' title='bbox 1549 427 1662 473; x_wconf 91' lang='lat' dir='ltr'>hinc</span> <span class='ocrx_word' id='word_1_17' title='bbox 1687 442 1885 472; x_wconf 84' lang='lat' dir='ltr'>consur-</span> 
     </span>
     <span class='ocr_line' id='line_1_3' title="bbox 478 503 1886 576; baseline -0.007 -18"><span class='ocrx_word' id='word_1_18' title='bbox 478 529 607 576; x_wconf 85' lang='lat' dir='ltr'>gam,</span> <span class='ocrx_word' id='word_1_19' title='bbox 647 510 736 555; x_wconf 89' lang='lat' dir='ltr'>nisi</span> <span class='ocrx_word' id='word_1_20' title='bbox 776 509 906 573; x_wconf 89' lang='lat' dir='ltr'>prius</span> <span class='ocrx_word' id='word_1_21' title='bbox 942 506 1058 552; x_wconf 85' lang='lat' dir='ltr'>mihi</span> <span class='ocrx_word' id='word_1_22' title='bbox 1099 506 1350 551; x_wconf 88' lang='lat' dir='ltr'>oculorum</span> <span class='ocrx_word' id='word_1_23' title='bbox 1389 505 1549 551; x_wconf 91' lang='lat' dir='ltr'>lumen</span> <span class='ocrx_word' id='word_1_24' title='bbox 1586 503 1769 562; x_wconf 79' lang='lat' dir='ltr'>reddat,</span> <span class='ocrx_word' id='word_1_25' title='bbox 1804 503 1886 565; x_wconf 90' lang='lat' dir='ltr'>qui</span> 
     </span>
     <span class='ocr_line' id='line_1_4' title="bbox 478 582 1882 653; baseline -0.006 -19"><span class='ocrx_word' id='word_1_26' title='bbox 478 588 655 653; x_wconf 90' lang='lat' dir='ltr'>pedum</span> <span class='ocrx_word' id='word_1_27' title='bbox 681 600 1007 648; x_wconf 82' lang='lat' dir='ltr'>manuumque</span> <span class='ocrx_word' id='word_1_28' title='bbox 1027 583 1225 630; x_wconf 83' lang='lat' dir='ltr'>restituit</span> <span class='ocrx_word' id='word_1_29' title='bbox 1249 599 1403 628; x_wconf 89' lang='lat' dir='ltr'>usum.</span> <span class='ocrx_word' id='word_1_30' title='bbox 1427 603 1447 624; x_wconf 87' lang='lat'>»</span> <span class='ocrx_word' id='word_1_31' title='bbox 1475 585 1581 628; x_wconf 86' lang='lat' dir='ltr'>Haec</span> <span class='ocrx_word' id='word_1_32' title='bbox 1604 598 1657 628; x_wconf 89' lang='lat' dir='ltr'>ea</span> <span class='ocrx_word' id='word_1_33' title='bbox 1678 582 1882 640; x_wconf 84' lang='lat' dir='ltr'>dicente,</span> 
     </span>
     <span class='ocr_line' id='line_1_5' title="bbox 476 658 1886 724; baseline -0.006 -13"><span class='ocrx_word' id='word_1_34' title='bbox 476 665 635 712; x_wconf 87' lang='lat' dir='ltr'>subito</span> <span class='ocrx_word' id='word_1_35' title='bbox 652 661 959 724; x_wconf 86' lang='lat' dir='ltr'>energumeni</span> <span class='ocrx_word' id='word_1_36' title='bbox 978 660 1188 723; x_wconf 84' lang='lat' dir='ltr'>torqueri</span> <span class='ocrx_word' id='word_1_37' title='bbox 1210 675 1259 705; x_wconf 90' lang='lat' dir='ltr'>se</span> <span class='ocrx_word' id='word_1_38' title='bbox 1282 660 1602 723; x_wconf 83' lang='lat' dir='ltr'>proclamant,</span> <span class='ocrx_word' id='word_1_39' title='bbox 1629 668 1676 705; x_wconf 91' lang='lat' dir='ltr'>et</span> <span class='ocrx_word' id='word_1_40' title='bbox 1697 658 1886 704; x_wconf 83' lang='lat' dir='ltr'>Martini</span> 
     </span>
     <span class='ocr_line' id='line_1_6' title="bbox 475 732 1886 801; baseline -0.006 -16"><span class='ocrx_word' id='word_1_41' title='bbox 475 738 638 785; x_wconf 84' lang='lat' dir='ltr'>adesse</span> <span class='ocrx_word' id='word_1_42' title='bbox 657 737 953 801; x_wconf 75' lang='lat' dir='ltr'>praesentiam</span> <span class='ocrx_word' id='word_1_43' title='bbox 976 734 1279 780; x_wconf 82' lang='lat' dir='ltr'>confitentur.</span> <span class='ocrx_word' id='word_1_44' title='bbox 1303 732 1396 779; x_wconf 89' lang='lat' dir='ltr'>Sed</span> <span class='ocrx_word' id='word_1_45' title='bbox 1415 750 1522 778; x_wconf 84' lang='lat' dir='ltr'>cum</span> <span class='ocrx_word' id='word_1_46' title='bbox 1545 732 1780 790; x_wconf 90' lang='lat' dir='ltr'>diabolus,</span> <span class='ocrx_word' id='word_1_47' title='bbox 1804 732 1886 795; x_wconf 90' lang='lat' dir='ltr'>qui</span> 
     </span>
     <span class='ocr_line' id='line_1_7' title="bbox 476 808 1886 868; baseline -0.004 -8"><span class='ocrx_word' id='word_1_48' title='bbox 476 814 536 860; x_wconf 87' lang='lat' dir='ltr'>ab</span> <span class='ocrx_word' id='word_1_49' title='bbox 561 814 697 859; x_wconf 90' lang='lat' dir='ltr'>initio</span> <span class='ocrx_word' id='word_1_50' title='bbox 723 811 926 858; x_wconf 86' lang='lat' dir='ltr'>mendax</span> <span class='ocrx_word' id='word_1_51' title='bbox 950 820 1019 857; x_wconf 90' lang='lat' dir='ltr'>est</span> <span class='ocrx_word' id='word_1_52' title='bbox 1038 847 1049 868; x_wconf 88' lang='lat'>,</span> <span class='ocrx_word' id='word_1_53' title='bbox 1075 809 1135 856; x_wconf 87' lang='lat' dir='ltr'>ad</span> <span class='ocrx_word' id='word_1_54' title='bbox 1158 809 1454 855; x_wconf 90' lang='lat' dir='ltr'>credendum</span> <span class='ocrx_word' id='word_1_55' title='bbox 1486 809 1681 854; x_wconf 89' lang='lat' dir='ltr'>minime</span> <span class='ocrx_word' id='word_1_56' title='bbox 1716 808 1886 855; x_wconf 89' lang='lat' dir='ltr'>admit-</span> 
     </span>
     <span class='ocr_line' id='line_1_8' title="bbox 474 886 1885 952; baseline -0.004 -15"><span class='ocrx_word' id='word_1_57' title='bbox 474 900 626 950; x_wconf 83' lang='lat' dir='ltr'>tatur,</span> <span class='ocrx_word' id='word_1_58' title='bbox 674 890 816 936; x_wconf 86' lang='lat' dir='ltr'>rebus</span> <span class='ocrx_word' id='word_1_59' title='bbox 860 899 1021 935; x_wconf 86' lang='lat' dir='ltr'>tamen</span> <span class='ocrx_word' id='word_1_60' title='bbox 1062 888 1176 952; x_wconf 90' lang='lat' dir='ltr'>ipsis</span> <span class='ocrx_word' id='word_1_61' title='bbox 1217 887 1342 933; x_wconf 88' lang='lat' dir='ltr'>beati</span> <span class='ocrx_word' id='word_1_62' title='bbox 1386 887 1473 932; x_wconf 87' lang='lat' dir='ltr'>viri</span> <span class='ocrx_word' id='word_1_63' title='bbox 1511 887 1758 950; x_wconf 77' lang='lat' dir='ltr'>praesentia</span> <span class='ocrx_word' id='word_1_64' title='bbox 1802 886 1885 932; x_wconf 91' lang='lat' dir='ltr'>de-</span> 
     </span>
     <span class='ocr_line' id='line_1_9' title="bbox 474 963 1887 1027; baseline -0.004 -13"><span class='ocrx_word' id='word_1_65' title='bbox 474 968 694 1014; x_wconf 86' lang='lat' dir='ltr'>claratur.</span> <span class='ocrx_word' id='word_1_66' title='bbox 734 970 852 1013; x_wconf 89' lang='lat' dir='ltr'>Nam</span> <span class='ocrx_word' id='word_1_67' title='bbox 887 965 1061 1012; x_wconf 87' lang='lat' dir='ltr'>semina</span> <span class='ocrx_word' id='word_1_68' title='bbox 1100 964 1216 1022; x_wconf 79' lang='lat' dir='ltr'>haec,</span> <span class='ocrx_word' id='word_1_69' title='bbox 1257 981 1361 1027; x_wconf 75' lang='lat' dir='ltr'>quae</span> <span class='ocrx_word' id='word_1_70' title='bbox 1399 964 1543 1027; x_wconf 88' lang='lat' dir='ltr'>paulo</span> <span class='ocrx_word' id='word_1_71' title='bbox 1569 973 1677 1010; x_wconf 87' lang='lat' dir='ltr'>ante</span> <span class='ocrx_word' id='word_1_72' title='bbox 1709 963 1887 1009; x_wconf 83' lang='lat' dir='ltr'>directa</span> 
     </span>
     <span class='ocr_line' id='line_1_10' title="bbox 474 1040 1886 1104; baseline -0.004 -13"><span class='ocrx_word' id='word_1_73' title='bbox 474 1046 641 1103; x_wconf 87' lang='lat' dir='ltr'>fuerat,</span> <span class='ocrx_word' id='word_1_74' title='bbox 668 1062 798 1091; x_wconf 88' lang='lat' dir='ltr'>nunc</span> <span class='ocrx_word' id='word_1_75' title='bbox 827 1043 1105 1099; x_wconf 88' lang='lat' dir='ltr'>illuminata,</span> <span class='ocrx_word' id='word_1_76' title='bbox 1132 1041 1295 1088; x_wconf 84' lang='lat' dir='ltr'>adesse</span> <span class='ocrx_word' id='word_1_77' title='bbox 1319 1040 1513 1088; x_wconf 87' lang='lat' dir='ltr'>beatum</span> <span class='ocrx_word' id='word_1_78' title='bbox 1536 1041 1790 1088; x_wconf 86' lang='lat' dir='ltr'>antistitem</span> <span class='ocrx_word' id='word_1_79' title='bbox 1810 1057 1886 1104; x_wconf 81' lang='lat' dir='ltr'>ap·</span> 
     </span>
    </p>
   </div>
   <div class='ocr_carea' id='block_1_3' title="bbox 474 1122 709 1185">
    <p class='ocr_par' dir='ltr' id='par_1_3' title="bbox 474 1122 709 1185">
     <span class='ocr_line' id='line_1_11' title="bbox 474 1122 709 1185; baseline -0.004 -16"><span class='ocrx_word' id='word_1_80' title='bbox 474 1122 709 1185; x_wconf 87' lang='lat' dir='ltr'>probavit.</span> 
     </span>
    </p>
   </div>
   <div class='ocr_carea' id='block_1_4' title="bbox 1050 1275 1312 1310">
    <p class='ocr_par' dir='ltr' id='par_1_4' title="bbox 1050 1275 1312 1310">
     <span class='ocr_line' id='line_1_12' title="bbox 1050 1275 1312 1310; baseline -0.008 0"><span class='ocrx_word' id='word_1_81' title='bbox 1050 1275 1207 1310; x_wconf 85' lang='lat' dir='ltr'>CAPUT</span> <span class='ocrx_word' id='word_1_82' title='bbox 1232 1275 1312 1308; x_wconf 84' lang='lat' dir='ltr'>XL.</span> 
     </span>
    </p>
   </div>
   <div class='ocr_carea' id='block_1_5' title="bbox 973 1376 1388 1424">
    <p class='ocr_par' dir='ltr' id='par_1_5' title="bbox 973 1376 1388 1424">
     <span class='ocr_line' id='line_1_13' title="bbox 973 1376 1388 1424; baseline -0.002 -14"><span class='ocrx_word' id='word_1_83' title='bbox 973 1378 1025 1410; x_wconf 88' lang='lat' dir='ltr'>De</span> <span class='ocrx_word' id='word_1_84' title='bbox 1043 1376 1236 1424; x_wconf 87' lang='lat' dir='ltr'>paralytico</span> <span class='ocrx_word' id='word_1_85' title='bbox 1257 1383 1388 1409; x_wconf 88' lang='lat' dir='ltr'>sanato.</span> 
     </span>
    </p>
   </div>
   <div class='ocr_carea' id='block_1_6' title="bbox 469 1470 1886 1921">
    <p class='ocr_par' dir='ltr' id='par_1_6' title="bbox 469 1470 1886 1921">
     <span class='ocr_line' id='line_1_14' title="bbox 538 1470 1884 1536; baseline -0.001 -17"><span class='ocrx_word' id='word_1_86' title='bbox 538 1472 726 1519; x_wconf 87' lang='lat' dir='ltr'>Modico</span> <span class='ocrx_word' id='word_1_87' title='bbox 758 1482 918 1519; x_wconf 90' lang='lat' dir='ltr'>autem</span> <span class='ocrx_word' id='word_1_88' title='bbox 952 1470 1444 1535; x_wconf 83' lang='lat' dir='ltr'>succedente&#39;spatio‚</span> <span class='ocrx_word' id='word_1_89' title='bbox 1481 1470 1668 1534; x_wconf 87' lang='lat' dir='ltr'>jacebat</span> <span class='ocrx_word' id='word_1_90' title='bbox 1702 1472 1884 1536; x_wconf 82' lang='lat' dir='ltr'>paraly-</span> 
     </span>
     <span class='ocr_line' id='line_1_15' title="bbox 474 1549 1884 1614; baseline 0.001 -19"><span class='ocrx_word' id='word_1_91' title='bbox 474 1550 593 1596; x_wconf 86' lang='lat' dir='ltr'>ticus</span> <span class='ocrx_word' id='word_1_92' title='bbox 617 1568 739 1596; x_wconf 93' lang='lat' dir='ltr'>unus</span> <span class='ocrx_word' id='word_1_93' title='bbox 762 1551 809 1596; x_wconf 89' lang='lat' dir='ltr'>in</span> <span class='ocrx_word' id='word_1_94' title='bbox 833 1549 1045 1614; x_wconf 83' lang='lat' dir='ltr'>grabato,</span> <span class='ocrx_word' id='word_1_95' title='bbox 1072 1550 1156 1613; x_wconf 91' lang='lat' dir='ltr'>qui</span> <span class='ocrx_word' id='word_1_96' title='bbox 1179 1566 1234 1596; x_wconf 84' lang='lat' dir='ltr'>ex</span> <span class='ocrx_word' id='word_1_97' title='bbox 1263 1550 1469 1596; x_wconf 85' lang='lat' dir='ltr'>Biturico</span> <span class='ocrx_word' id='word_1_98' title='bbox 1495 1550 1706 1613; x_wconf 88' lang='lat' dir='ltr'>plaustro</span> <span class='ocrx_word' id='word_1_99' title='bbox 1741 1549 1884 1596; x_wconf 86' lang='lat' dir='ltr'>deve-</span> 
     </span>
     <span class='ocr_line' id='line_1_16' title="bbox 471 1624 1886 1690; baseline 0 -19"><span class='ocrx_word' id='word_1_100' title='bbox 471 1635 574 1671; x_wconf 89' lang='lat' dir='ltr'>ctus</span> <span class='ocrx_word' id='word_1_101' title='bbox 601 1625 876 1673; x_wconf 87' lang='lat' dir='ltr'>advenerat.</span> <span class='ocrx_word' id='word_1_102' title='bbox 914 1628 1017 1690; x_wconf 88' lang='lat' dir='ltr'>Ipse</span> <span class='ocrx_word' id='word_1_103' title='bbox 1051 1626 1193 1672; x_wconf 88' lang='lat' dir='ltr'>etiam</span> <span class='ocrx_word' id='word_1_104' title='bbox 1224 1626 1326 1689; x_wconf 90' lang='lat' dir='ltr'>pari</span> <span class='ocrx_word' id='word_1_105' title='bbox 1367 1624 1515 1671; x_wconf 89' lang='lat' dir='ltr'>modo</span> <span class='ocrx_word' id='word_1_106' title='bbox 1550 1626 1720 1671; x_wconf 88' lang='lat' dir='ltr'>virtute</span> <span class='ocrx_word' id='word_1_107' title='bbox 1759 1625 1886 1671; x_wconf 90' lang='lat' dir='ltr'>beati</span> 
     </span>
     <span class='ocr_line' id='line_1_17' title="bbox 471 1702 1886 1767; baseline 0 -19"><span class='ocrx_word' id='word_1_108' title='bbox 471 1703 691 1749; x_wconf 87' lang='lat' dir='ltr'>antistitis</span> <span class='ocrx_word' id='word_1_109' title='bbox 714 1704 927 1750; x_wconf 88' lang='lat' dir='ltr'>visitatus</span> <span class='ocrx_word' id='word_1_110' title='bbox 946 1703 1146 1749; x_wconf 85' lang='lat' dir='ltr'>surrexit</span> <span class='ocrx_word' id='word_1_111' title='bbox 1170 1702 1439 1759; x_wconf 87' lang='lat' dir='ltr'>incolumis,</span> <span class='ocrx_word' id='word_1_112' title='bbox 1458 1704 1650 1767; x_wconf 89' lang='lat' dir='ltr'>suisque</span> <span class='ocrx_word' id='word_1_113' title='bbox 1673 1703 1886 1750; x_wconf 87' lang='lat' dir='ltr'>redditus</span> 
     </span>
     <span class='ocr_line' id='line_1_18' title="bbox 471 1780 1885 1844; baseline 0 -18"><span class='ocrx_word' id='word_1_114' title='bbox 471 1780 732 1842; x_wconf 77' lang='lat' dir='ltr'>gressibus,</span> <span class='ocrx_word' id='word_1_115' title='bbox 772 1790 1026 1844; x_wconf 86' lang='lat' dir='ltr'>parentum</span> <span class='ocrx_word' id='word_1_116' title='bbox 1062 1790 1304 1844; x_wconf 84' lang='lat' dir='ltr'>spectante</span> <span class='ocrx_word' id='word_1_117' title='bbox 1337 1789 1546 1838; x_wconf 86' lang='lat' dir='ltr'>caterva,</span> <span class='ocrx_word' id='word_1_118' title='bbox 1581 1797 1725 1827; x_wconf 90' lang='lat' dir='ltr'>sanus</span> <span class='ocrx_word' id='word_1_119' title='bbox 1761 1780 1885 1826; x_wconf 85' lang='lat' dir='ltr'>exci-</span> 
     </span>
     <span class='ocr_line' id='line_1_19' title="bbox 469 1867 614 1921; baseline 0 -18"><span class='ocrx_word' id='word_1_120' title='bbox 469 1867 614 1921; x_wconf 81' lang='lat' dir='ltr'>pltur.</span> 
     </span>
    </p>
   </div>
   <div class='ocr_carea' id='block_1_7' title="bbox 1044 2003 1319 2039">
    <p class='ocr_par' dir='ltr' id='par_1_7' title="bbox 1044 2003 1319 2039">
     <span class='ocr_line' id='line_1_20' title="bbox 1044 2003 1319 2039; baseline 0 -1"><span class='ocrx_word' id='word_1_121' title='bbox 1044 2003 1198 2038; x_wconf 82' lang='lat' dir='ltr'><strong>CAPUT</strong></span> <span class='ocrx_word' id='word_1_122' title='bbox 1225 2005 1319 2039; x_wconf 87' lang='lat' dir='ltr'>XLI.</span> 
     </span>
    </p>
   </div>
   <div class='ocr_carea' id='block_1_8' title="bbox 827 2095 1528 2143">
    <p class='ocr_par' dir='ltr' id='par_1_8' title="bbox 827 2095 1528 2143">
     <span class='ocr_line' id='line_1_21' title="bbox 827 2095 1528 2143; baseline 0.004 -15"><span class='ocrx_word' id='word_1_123' title='bbox 827 2097 878 2130; x_wconf 89' lang='lat' dir='ltr'>De</span> <span class='ocrx_word' id='word_1_124' title='bbox 895 2095 1024 2129; x_wconf 80' lang='lat' dir='ltr'>catenis</span> <span class='ocrx_word' id='word_1_125' title='bbox 1041 2108 1146 2142; x_wconf 86' lang='lat' dir='ltr'>super</span> <span class='ocrx_word' id='word_1_126' title='bbox 1161 2098 1314 2143; x_wconf 81' lang='lat' dir='ltr'>puellam</span> <span class='ocrx_word' id='word_1_127' title='bbox 1330 2098 1528 2135; x_wconf 83' lang='lat' dir='ltr'>confractis.</span> 
     </span>
    </p>
   </div>
   <div class='ocr_carea' id='block_1_9' title="bbox 410 2189 1885 2876">
    <p class='ocr_par' dir='ltr' id='par_1_9' title="bbox 410 2189 1885 2876">
     <span class='ocr_line' id='line_1_22' title="bbox 538 2189 1882 2259; baseline 0.006 -24"><span class='ocrx_word' id='word_1_128' title='bbox 538 2190 618 2236; x_wconf 91' lang='lat' dir='ltr'>His</span> <span class='ocrx_word' id='word_1_129' title='bbox 641 2189 810 2236; x_wconf 88' lang='lat' dir='ltr'>diebus</span> <span class='ocrx_word' id='word_1_130' title='bbox 839 2191 995 2254; x_wconf 87' lang='lat' dir='ltr'>puella</span> <span class='ocrx_word' id='word_1_131' title='bbox 1026 2191 1263 2255; x_wconf 61' lang='lat' dir='ltr'>quaedam,</span> <span class='ocrx_word' id='word_1_132' title='bbox 1286 2193 1385 2255; x_wconf 87' lang='lat' dir='ltr'>jam</span> <span class='ocrx_word' id='word_1_133' title='bbox 1418 2211 1471 2240; x_wconf 79' lang='lat' dir='ltr'>ex</span> <span class='ocrx_word' id='word_1_134' title='bbox 1510 2194 1690 2241; x_wconf 83' lang='lat' dir='ltr'>libertis</span> <span class='ocrx_word' id='word_1_135' title='bbox 1711 2213 1882 2259; x_wconf 82' lang='lat' dir='ltr'>paren-</span> 
     </span>
     <span class='ocr_line' id='line_1_23' title="bbox 471 2265 1880 2333; baseline 0.006 -22"><span class='ocrx_word' id='word_1_136' title='bbox 471 2265 596 2313; x_wconf 91' lang='lat' dir='ltr'>tibus</span> <span class='ocrx_word' id='word_1_137' title='bbox 616 2277 879 2331; x_wconf 86' lang='lat' dir='ltr'>procreata,</span> <span class='ocrx_word' id='word_1_138' title='bbox 902 2284 929 2314; x_wconf 91' lang='lat' dir='ltr'>a</span> <span class='ocrx_word' id='word_1_139' title='bbox 956 2267 1060 2314; x_wconf 83' lang='lat' dir='ltr'>filiis</span> <span class='ocrx_word' id='word_1_140' title='bbox 1083 2270 1289 2333; x_wconf 87' lang='lat' dir='ltr'>patroni,</span> <span class='ocrx_word' id='word_1_141' title='bbox 1307 2271 1548 2317; x_wconf 85' lang='lat' dir='ltr'>confracta</span> <span class='ocrx_word' id='word_1_142' title='bbox 1566 2271 1796 2331; x_wconf 87' lang='lat' dir='ltr'>libertate,</span> <span class='ocrx_word' id='word_1_143' title='bbox 1823 2274 1880 2320; x_wconf 92' lang='lat' dir='ltr'>ad</span> 
     </span>
     <span class='ocr_line' id='line_1_24' title="bbox 465 2343 1882 2407; baseline 0.005 -18"><span class='ocrx_word' id='word_1_144' title='bbox 465 2343 634 2407; x_wconf 86' lang='lat' dir='ltr'>jugum</span> <span class='ocrx_word' id='word_1_145' title='bbox 647 2345 884 2391; x_wconf 85' lang='lat' dir='ltr'>servitutis</span> <span class='ocrx_word' id='word_1_146' title='bbox 900 2345 1137 2391; x_wconf 83' lang='lat' dir='ltr'>addicitur</span> <span class='ocrx_word' id='word_1_147' title='bbox 1156 2364 1165 2391; x_wconf 88' lang='lat'>:</span> <span class='ocrx_word' id='word_1_148' title='bbox 1185 2347 1312 2394; x_wconf 92' lang='lat' dir='ltr'>unde</span> <span class='ocrx_word' id='word_1_149' title='bbox 1329 2347 1503 2393; x_wconf 79' lang='lat' dir='ltr'>sactum</span> <span class='ocrx_word' id='word_1_150' title='bbox 1519 2358 1587 2394; x_wconf 91' lang='lat' dir='ltr'>est</span> <span class='ocrx_word' id='word_1_151' title='bbox 1606 2359 1672 2407; x_wconf 89' lang='lat' dir='ltr'>ut,</span> <span class='ocrx_word' id='word_1_152' title='bbox 1693 2349 1771 2397; x_wconf 88' lang='lat' dir='ltr'>illa</span> <span class='ocrx_word' id='word_1_153' title='bbox 1786 2368 1882 2397; x_wconf 85' lang='lat' dir='ltr'>non</span> 
     </span>
     <span class='ocr_line' id='line_1_25' title="bbox 471 2422 1885 2490; baseline 0.004 -23"><span class='ocrx_word' id='word_1_154' title='bbox 471 2422 798 2486; x_wconf 84' lang='lat' dir='ltr'>acquiescente</span> <span class='ocrx_word' id='word_1_155' title='bbox 833 2422 1017 2485; x_wconf 89' lang='lat' dir='ltr'>injustis</span> <span class='ocrx_word' id='word_1_156' title='bbox 1051 2422 1259 2469; x_wconf 89' lang='lat' dir='ltr'>dominis</span> <span class='ocrx_word' id='word_1_157' title='bbox 1283 2425 1546 2488; x_wconf 85' lang='lat' dir='ltr'>quidquam</span> <span class='ocrx_word' id='word_1_158' title='bbox 1572 2427 1730 2490; x_wconf 86' lang='lat' dir='ltr'>operis</span> <span class='ocrx_word' id='word_1_159' title='bbox 1754 2443 1885 2473; x_wconf 89' lang='lat' dir='ltr'>exer-</span> 
     </span>
     <span class='ocr_line' id='line_1_26' title="bbox 470 2500 1884 2568; baseline 0.005 -23"><span class='ocrx_word' id='word_1_160' title='bbox 470 2516 593 2558; x_wconf 81' lang='lat' dir='ltr'>cere,</span> <span class='ocrx_word' id='word_1_161' title='bbox 620 2500 796 2546; x_wconf 89' lang='lat' dir='ltr'>catenis</span> <span class='ocrx_word' id='word_1_162' title='bbox 831 2509 877 2546; x_wconf 89' lang='lat' dir='ltr'>et</span> <span class='ocrx_word' id='word_1_163' title='bbox 916 2500 1228 2565; x_wconf 85' lang='lat' dir='ltr'>compedibus</span> <span class='ocrx_word' id='word_1_164' title='bbox 1259 2503 1534 2550; x_wconf 82' lang='lat' dir='ltr'>vinciretur.</span> <span class='ocrx_word' id='word_1_165' title='bbox 1573 2508 1625 2551; x_wconf 91' lang='lat' dir='ltr'>ln</span> <span class='ocrx_word' id='word_1_166' title='bbox 1646 2522 1748 2568; x_wconf 30' lang='lat' dir='ltr'>&gt;qua</span> <span class='ocrx_word' id='word_1_167' title='bbox 1781 2523 1884 2552; x_wconf 91' lang='lat' dir='ltr'>cus-</span> 
     </span>
     <span class='ocr_line' id='line_1_27' title="bbox 468 2575 1879 2646; baseline 0.005 -25"><span class='ocrx_word' id='word_1_168' title='bbox 468 2576 601 2623; x_wconf 86' lang='lat' dir='ltr'>todia</span> <span class='ocrx_word' id='word_1_169' title='bbox 639 2575 782 2635; x_wconf 88' lang='lat' dir='ltr'>dum,</span> <span class='ocrx_word' id='word_1_170' title='bbox 821 2576 923 2622; x_wconf 80' lang='lat' dir='ltr'>aliis&#39;</span> <span class='ocrx_word' id='word_1_171' title='bbox 967 2576 1155 2623; x_wconf 89' lang='lat' dir='ltr'>beatam</span> <span class='ocrx_word' id='word_1_172' title='bbox 1192 2579 1487 2627; x_wconf 80' lang='lat' dir='ltr'>festivitatem</span> <span class='ocrx_word' id='word_1_173' title='bbox 1522 2582 1879 2646; x_wconf 81' lang='lat' dir='ltr'>expetentibus,</span> 
     </span>
     <span class='ocr_line' id='line_1_28' title="bbox 410 2652 1885 2716; baseline 0.005 -18"><span class='ocrx_word' id='word_1_174' title='bbox 410 2664 417 2671; x_wconf 89' lang='lat'><em>·</em></span> <span class='ocrx_word' id='word_1_175' title='bbox 470 2653 694 2699; x_wconf 83' lang='lat' dir='ltr'>resideret</span> <span class='ocrx_word' id='word_1_176' title='bbox 720 2652 837 2699; x_wconf 83' lang='lat' dir='ltr'>flens</span> <span class='ocrx_word' id='word_1_177' title='bbox 862 2663 906 2699; x_wconf 90' lang='lat' dir='ltr'>et</span> <span class='ocrx_word' id='word_1_178' title='bbox 929 2653 1109 2716; x_wconf 85' lang='lat' dir='ltr'>ejulans</span> <span class='ocrx_word' id='word_1_179' title='bbox 1135 2671 1219 2701; x_wconf 81' lang='lat' dir='ltr'>cur</span> <span class='ocrx_word' id='word_1_180' title='bbox 1243 2673 1338 2702; x_wconf 86' lang='lat' dir='ltr'>non</span> <span class='ocrx_word' id='word_1_181' title='bbox 1364 2658 1609 2705; x_wconf 82' lang='lat' dir='ltr'>interesset</span> <span class='ocrx_word' id='word_1_182' title='bbox 1630 2658 1776 2706; x_wconf 85' lang='lat' dir='ltr'>beatae</span> <span class='ocrx_word' id='word_1_183' title='bbox 1801 2660 1885 2706; x_wconf 80' lang='lat' dir='ltr'>ses-</span> 
     </span>
     <span class='ocr_line' id='line_1_29' title="bbox 469 2729 1884 2798; baseline 0.006 -23"><span class='ocrx_word' id='word_1_184' title='bbox 469 2730 656 2788; x_wconf 87' lang='lat' dir='ltr'>tivitati,</span> <span class='ocrx_word' id='word_1_185' title='bbox 686 2729 844 2776; x_wconf 82' lang='lat' dir='ltr'>subito</span> <span class='ocrx_word' id='word_1_186' title='bbox 872 2730 999 2777; x_wconf 80' lang='lat' dir='ltr'>trabs</span> <span class='ocrx_word' id='word_1_187' title='bbox 1031 2732 1078 2777; x_wconf 88' lang='lat' dir='ltr'>in</span> <span class='ocrx_word' id='word_1_188' title='bbox 1116 2749 1210 2795; x_wconf 85' lang='lat' dir='ltr'>qua</span> <span class='ocrx_word' id='word_1_189' title='bbox 1242 2734 1387 2797; x_wconf 82' lang='lat' dir='ltr'>pedes</span> <span class='ocrx_word' id='word_1_190' title='bbox 1424 2736 1525 2798; x_wconf 84' lang='lat' dir='ltr'>ejus</span> <span class='ocrx_word' id='word_1_191' title='bbox 1552 2737 1718 2782; x_wconf 90' lang='lat' dir='ltr'>arctati</span> <span class='ocrx_word' id='word_1_192' title='bbox 1749 2747 1884 2783; x_wconf 85' lang='lat' dir='ltr'>erant</span> 
     </span>
     <span class='ocr_line' id='line_1_30' title="bbox 470 2806 1883 2876; baseline 0.005 -24"><span class='ocrx_word' id='word_1_193' title='bbox 470 2806 733 2865; x_wconf 75' lang='lat' dir='ltr'>scinditur3</span> <span class='ocrx_word' id='word_1_194' title='bbox 772 2816 817 2853; x_wconf 79' lang='lat' dir='ltr'>ct</span> <span class='ocrx_word' id='word_1_195' title='bbox 841 2806 940 2853; x_wconf 77' lang='lat' dir='ltr'>baec</span> <span class='ocrx_word' id='word_1_196' title='bbox 976 2809 1107 2871; x_wconf 85' lang='lat' dir='ltr'>quasi</span> <span class='ocrx_word' id='word_1_197' title='bbox 1128 2809 1224 2870; x_wconf 88' lang='lat' dir='ltr'>jam</span> <span class='ocrx_word' id='word_1_198' title='bbox 1250 2810 1413 2870; x_wconf 83' lang='lat' dir='ltr'>libera,</span> <span class='ocrx_word' id='word_1_199' title='bbox 1443 2829 1561 2859; x_wconf 86' lang='lat' dir='ltr'>nexa</span> <span class='ocrx_word' id='word_1_200' title='bbox 1585 2812 1778 2876; x_wconf 87' lang='lat' dir='ltr'>quidem</span> <span class='ocrx_word' id='word_1_201' title='bbox 1808 2828 1883 2858; x_wconf 86' lang='lat' dir='ltr'>ca-</span> 
     </span>
    </p>
   </div>
  </div>
 </body>
</html>
