2028 3458
496 306 547 345 42
713 304 780 341 nn
807 274 1096 340 vnmmnus
1126 300 1300 337 smen
1328 301 1553 340 marm.
1575 323 1629 330 -
1649 304 1681 340 1.

495 392 628 439 omni
644 390 936 455 aegritudine,
958 404 1100 436 sanus
1121 399 1346 454 properat
1361 388 1421 437 ad
1444 406 1716 438 occursum.
1742 394 1911 439 Beatus

495 479 654 516 autem
692 468 919 515 Martinus
943 464 1248 512 sacerdotalis
1276 467 1432 529 gratiae
1460 469 1641 532 accepit
1670 469 1911 533 principa-

496 555 597 593 tum
618 581 630 605 ,
668 561 749 592 rex
781 544 1010 590 unitatem
1041 543 1190 590 Patris
1222 553 1269 590 et
1299 545 1423 604 Filii,
1454 555 1502 592 et
1532 546 1732 610 Spiritus
1762 547 1911 593 sancti

495 625 750 683 confessus,
773 639 884 670 cum
906 623 1040 670 omni
1059 623 1209 670 domo
1233 640 1317 671 sua
1336 614 1735 673 chrismatusbst.
1762 629 1911 689 Squa-

494 702 568 749 lor
589 703 728 766 leprae
750 717 777 747 a
802 699 983 765 populo
1008 700 1233 765 pellitur‚·
1251 711 1298 747 et
1321 718 1487 749 omnes
1519 702 1695 749 infirmi
1729 702 1912 750 salvan—

495 789 586 839 tur,
613 796 701 825 nec
720 794 931 844 unquam
948 777 1015 824 ibi
1038 788 1205 843 postea
1228 795 1377 843 usque
1393 796 1523 826 nunc
1539 797 1681 844 super
1703 779 1908 845 aliquem

494 857 634 922 leprae
657 856 856 903 morbus
878 856 1113 921 apparuit.
1146 856 1401 921 Talemque
1423 858 1621 921 gratiam
1652 857 1718 904 ibi
1751 859 1799 904 in
1825 859 1910 906 ad-

494 945 639 982 ventu
679 935 935 999 pignorum
974 933 1100 981 beati
1138 935 1328 1000 patroni
1366 935 1602 982 Dominus
1632 934 1818 996 tribuit,
1862 947 1914 984 ut

492 1013 704 1074 virtutes,
732 1029 836 1077 quae
860 1011 1038 1058 ibidem
1057 1012 1136 1059 illa
1157 1011 1234 1059 die
1260 1012 1390 1060 faetae
1409 1023 1535 1072 sunt,
1562 1029 1783 1061 enarrare
1804 1031 1912 1079 per-

493 1089 692 1154 longum
715 1090 789 1137 sit.
814 1093 932 1136 Nam
954 1098 1142 1136 tantum
1161 1090 1210 1136 in
1230 1090 1403 1138 Christi
1425 1107 1588 1138 amore
1613 1106 1742 1138 nunc
1765 1108 1914 1157 popu-

493 1167 567 1215 lus
585 1168 662 1215 ille
678 1177 926 1233 promptus
941 1177 1028 1227 est,
1052 1177 1107 1231 ut
1123 1184 1291 1216 omnes
1308 1170 1587 1233 martyrium
1604 1168 1913 1217 libentissime

494 1246 803 1311 susciperent,
829 1245 868 1292 si
891 1255 1078 1311 tempus
1101 1247 1444 1311 persecutionis
1467 1246 1667 1295 adesset.

1069 1394 1227 1431 CAPUT
1251 1396 1339 1432 XII.

981 1493 1033 1528 De
1049 1493 1266 1541 Ultrogotha
1279 1493 1415 1541 regina.

561 1589 682 1636 Nam
704 1598 750 1636 et
769 1589 1072 1654 Ultrogotha¹
1106 1592 1270 1655 regina
1287 1629 1299 1651 ‚
1341 1590 1515 1639 auditis
1544 1590 1785 1639 miraculis
1809 1606 1915 1655 quae

495 1665 556 1714 ad
577 1666 740 1714 locum
770 1666 890 1715 fiunt
922 1685 1020 1733 quo
1054 1678 1216 1716 sancta
1250 1669 1468 1716 membra
1499 1669 1777 1734 quiescunt,
1811 1677 1915 1716 tan-

493 1761 640 1808 quam
675 1746 713 1793 si
748 1746 1029 1812 sapientiam
1063 1746 1336 1795 Salomonis
1371 1748 1556 1795 veniret
1590 1746 1789 1808 audire,
1833 1764 1913 1794 ex-

495 1823 632 1887 petiit
667 1840 724 1871 ea
757 1823 905 1871 corde
933 1823 1111 1871 devoto
1135 1824 1426 1890 prospicere.
1455 1824 1708 1888 Abstinens
1730 1841 1843 1888 ergo
1865 1841 1914 1871 se

496 1916 523 1948 a
558 1899 676 1948 cibis
715 1911 762 1948 et
794 1918 990 1962 somno,
1029 1901 1433 1967 praecurrentibus
1467 1902 1611 1949 etiam
1643 1901 1915 1965 largissimis

496 1978 835 2043 eleemosynis,
872 1979 1092 2045 pervenit
1122 1979 1182 2027 ad
1213 1979 1377 2027 locum
1405 1989 1643 2039 sanctum,
1682 1979 1914 2043 ingressa·

496 2072 591 2120 que
613 2055 877 2115 basilicam,
909 2058 1081 2105 timens
1106 2066 1152 2104 et
1184 2067 1413 2117 tremens,
1439 2074 1747 2122 nequaquam
1771 2057 1915 2105 aude-

497 2132 579 2181 bat
599 2132 795 2182 beatum
823 2134 956 2182 adire
979 2135 1270 2200 sepulcrum,
1302 2135 1550 2199 indignam
1580 2152 1631 2183 se
1666 2152 1767 2183 esse
1795 2152 1915 2200 pro-

499 2209 739 2273 clamans,
766 2228 872 2260 -nec
916 2212 1097 2260 ibidem
1147 2229 1313 2278 posse,
1358 2211 1701 2260 obsistentibus
1743 2212 1911 2278 culpis,

498 2288 742 2337 accedere.
768 2292 963 2350 Tamen,
982 2289 1189 2338 deducta
1211 2290 1259 2337 in
1282 2290 1452 2355 vigiliis
1472 2300 1519 2338 et
1542 2289 1837 2338 orationibus
1860 2307 1915 2338 ac

499 2365 697 2430 profluis
715 2367 936 2431 lacrymis
962 2384 1059 2415 una
1083 2378 1246 2430 nocte,
1270 2385 1413 2416 mane
1443 2367 1616 2416 oblatis
1637 2368 1916 2417 muneribus

501 2439 677 2501 multis,
706 2441 754 2488 in
786 2441 1024 2490 honorem
1056 2443 1184 2491 beati
1217 2443 1502 2491 confessoris
1536 2444 1700 2491 missas
1722 2444 1917 2509 expetiit

500 2518 727 2565 revocari.
757 2521 871 2577 Quae
906 2520 1024 2568 dum
1056 2521 1428 2583 celebrarentur,
1464 2522 1623 2569 subito
1661 2532 1755 2570 tres
1784 2523 1911 2582 caeci,

553 2689 609 2743 (1)
633 2692 724 2730 Mss.
755 2692 835 2731 fere
853 2706 985 2732 omnes
1014 2695 1252 2746 Ultmgoth05
1293 2695 1383 2732 Bec.
1399 2723 1408 2740 ,
1433 2694 1662 2744 Ultrogodis.
1682 2692 1744 2733 Sic
1761 2705 1915 2744 quoque

504 2755 643 2795 ‹licitu'r
664 2756 767 2809 apud
786 2760 1002 2807 Fortunat.‚
1019 2769 1056 2798 et
1073 2760 1112 2798 in
1131 2773 1217 2799 can.
1232 2762 1282 2798 15
1300 2759 1453 2798 concilii
1472 2759 1595 2811 quinti
1614 2758 1812 2798 Aurelian.
1833 2758 1916 2811 (R.)

504 2843 558 2854 —
582 2825 685 2863 3334
703 2822 915 2878 Ultrogoda
933 2841 944 2873 3
965 2827 1068 2865 2204
1099 2826 1314 2877 Ultrogotho
1342 2833 1381 2864 et
1403 2825 1641 2865 correctione
1671 2825 1912 2877 Ultrogothis.
