2028 3458
443 334 521 370 ¹14
656 332 723 369 DE
751 328 1045 367 VIRTUTIBUS
1074 327 1248 365 SANCTI
1275 327 1502 365 MARTINI.
1524 347 1579 355 —
1596 327 1648 365 11.

443 419 506 468 ad
528 418 901 485 contemplanda
932 427 1120 464 terrena
1149 417 1282 482 prius
1305 417 1510 483 aperuit,
1533 426 1582 464 et
1610 431 1741 463 nunc
1765 431 1868 462 cor-

442 498 515 545 dis
548 497 713 545 oculos
737 506 789 543 ut
818 512 875 543 ea
908 512 1009 542 non
1041 495 1351 560 concupiscat
1384 494 1699 554 illuminavit;
1726 503 1774 541 e‘t
1804 492 1867 541 ad

440 594 582 625 suum
606 576 828 640 dignatus
850 584 920 622 est
942 573 1104 622 dicare
1133 574 1395 636 servitium,
1433 591 1602 639 quem,
1629 582 1683 620 ut
1704 572 1770 620 ita
1792 571 1866 619 di-

438 671 563 718 cam,
583 654 769 703 renasci
787 653 951 702 denuo
976 652 1086 701 fecit
1102 652 1151 700 in
1171 651 1428 700 mundum.
1620 644 1622 646 ’

1006 789 1166 826 CAPUT
1189 790 1292 827 XIV.

934 886 987 922 De
1006 886 1124 935 puella
1140 885 1351 935 paralytica.

497 982 592 1031 Sed
615 998 776 1047 neque
797 981 894 1030 hoc
910 982 1123 1030 reticebo
1149 981 1270 1047 quid
1293 982 1343 1028 in
1365 996 1452 1029 sua
1472 980 1725 1029 festivitate
1749 998 1865 1048 ope-

431 1071 559 1109 ratus
582 1062 642 1108 sit
662 1061 741 1108 hic
764 1071 1016 1127 patronus.
1043 1061 1258 1109 Palatina
1280 1059 1502 1124 quaedam
1520 1060 1700 1126 puella,
1725 1077 1865 1126 para-

430 1140 542 1204 lysis
570 1138 776 1187 humore
801 1156 1052 1206 percussa,
1081 1157 1223 1187 usum
1251 1156 1499 1203 gressuum
1524 1139 1650 1187 male
1672 1139 1864 1187 redacta

429 1217 721 1284 perdiderat,
748 1219 813 1266 ita
836 1227 888 1266 ut
907 1218 1166 1266 contractis
1190 1219 1239 1265 in
1263 1217 1529 1283 poplitibus
1553 1218 1738 1277 nervis,
1766 1215 1862 1264 cal-

429 1314 605 1345 caneos
637 1297 699 1344 ad
731 1313 872 1345 crura
905 1297 1237 1361 conjungeret.
1272 1299 1430 1355 Quam
1462 1306 1598 1362 pater
1634 1296 1864 1343 Turonis¹

428 1373 664 1435 deferens,
691 1385 802 1422 ante
831 1373 979 1441 pedes
1002 1374 1130 1422 beati
1166 1374 1358 1422 Martini
1386 1374 1590 1422 devotus
1613 1374 1858 1439 exposuit,

428 1451 591 1518 ibique
612 1452 764 1500 tribus
796 1451 1044 1500 mensibus
1063 1452 1228 1516 jacens
1243 1488 1256 1513 ,
1283 1452 1457 1518 stipem
1479 1468 1507 1500 a
1530 1451 1861 1518 praetereunti-

429 1532 520 1581 bus
546 1534 836 1600 postulabat.
864 1538 1063 1582 Factum
1086 1543 1157 1581 est
1187 1544 1348 1582 autem
1380 1534 1431 1581 in
1464 1534 1542 1582 die
1565 1533 1763 1598 insignis
1782 1549 1861 1579 so-

429 1612 687 1661 lemnitatis
708 1614 838 1662 beati
860 1614 967 1676 viri,
994 1624 1049 1661 ut
1066 1613 1162 1676 illa,
1190 1613 1334 1662 nobis
1353 1613 1547 1661 missam
1565 1612 1858 1670 dicentibus,

427 1691 476 1738 in
490 1690 600 1738 loco
614 1709 763 1757 quem
780 1693 1003 1758 superius
1017 1692 1183 1739 nomin
1191 1692 1378 1739 avimus
1393 1691 1599 1739 fideliter
1614 1699 1857 1749 exoraret3

427 1785 635 1833 cumque
668 1787 758 1817 nos
796 1770 885 1818 rite
928 1779 1235 1818 sacrosancta
1272 1768 1507 1817 solemnia
1538 1768 1857 1828 celebrantes,

425 1849 857 1896 contestationem²
885 1847 946 1896 de
976 1849 1129 1896 sancti
1155 1848 1328 1895 domni
1350 1847 1607 1895 virtutibus
1638 1862 1859 1894 narrare-

425 1941 551 1985 mus,
577 1926 737 1974 subito
762 1926 846 1975 illa
869 1927 1121 1975 vociferari
1145 1927 1290 1991 coepit
1321 1937 1368 1974 et
1396 1926 1528 1988 flere,
1558 1924 1777 1972 indicans
1809 1940 1859 1970 se

426 2005 657 2067 torqueri.
684 2008 740 2051 At
758 2005 862 2067 ubi,
886 2005 1109 2070 expedita
1130 2005 1500 2062 contestatione,
1521 2004 1680 2051 omnis
1703 2019 1857 2067 popu-

423 2078 497 2126 lus
535 2082 736 2127 Sanctus
769 2082 819 2128 in
853 2080 1048 2128 laudem
1084 2081 1284 2128 Domini
1313 2081 1655 2146 proclamavit,
1696 2079 1856 2126 statim

424 2156 643 2204 dissoluti
677 2169 788 2205 sunt
823 2159 959 2206 nervi
989 2159 1073 2223 qui
1108 2158 1238 2222 ligati
1267 2170 1429 2220 erant,
1471 2169 1519 2206 et
1553 2158 1682 2206 stetit
1713 2173 1858 2223 super

422 2234 570 2299 pedes
594 2252 730 2297 suos,
760 2246 937 2284 cuncto
973 2237 1157 2302 populo
1190 2247 1458 2302 spectante,
1492 2248 1537 2285 et
1567 2238 1663 2296 sic,
1695 2237 1858 2302 propi-

422 2312 568 2360 tiante
593 2314 821 2376 Domino,
846 2331 999 2379 usque
1022 2314 1085 2361 ad
1117 2314 1263 2362 altare
1295 2326 1515 2363 sanctum
1543 2315 1605 2363 ad
1640 2332 1856 2363 commu-

422 2391 684 2439 nicandum
705 2394 914 2458 propriis
933 2392 1172 2457 gressibus
1192 2393 1327 2441 nullo
1353 2404 1667 2456 sustentante,
1690 2410 1857 2460 perve-

420 2470 492 2517 nit
514 2489 523 2518 :
549 2487 654 2535 quae
675 2488 827 2536 usque
849 2471 997 2520 hodie
1020 2471 1278 2520 incolumis
1297 2485 1584 2539 perseverat.

471 2646 526 2696 (1)
549 2649 716 2684 Tur-onus
733 2648 855 2697 2204,
879 2649 1000 2697 5329,
1027 2651 1148 2688 5334.

469 2713 526 2761 (ἓ)
544 2711 647 2767 Alias
680 2711 801 2751 illatio
833 2726 902 2751 seu
932 2714 1147 2753 immolatio
1180 2713 1405 2764 dicebatur,
1438 2715 1556 2755 hodie
1588 2714 1852 2768 praefationem

415 2777 669 2830 appellamus.
705 2778 805 2817 Olim
832 2779 974 2831 cuique
1008 2779 1104 2818 sesto
1132 2794 1201 2819 sua
1235 2791 1318 2820 erat
1353 2782 1525 2835 propria,
1556 2781 1596 2820 in
1626 2793 1704 2833 qua
1730 2779 1850 2819 sancti

414 2843 524 2893 cujus
543 2855 626 2886 erat
644 2847 828 2887 festivitas
846 2849 1030 2901 praeclare
1048 2856 1157 2901 gesta
1175 2848 1488 2889 recensebantur.
1513 2851 1595 2897 (R.)
