2028 3458
424 319 498 356 192
634 320 697 355 DE
728 317 1019 355 VIRTUTIBUS
1047 316 1219 354 SANCTI
1251 317 1472 377 MARTINJ.
1500 335 1552 342 —
1571 317 1621 352 11.

421 423 542 472 saepe
566 406 810 453 confessor
832 403 996 451 tribuit
1019 403 1233 469 populis,
1256 402 1374 450 mihi
1403 402 1642 467 peccatori
1664 401 1838 466 largius

421 486 680 549 indulgeat,
700 492 967 549 purgetque
985 497 1062 528 me
1080 480 1142 528 ab
1156 480 1417 537 erroribu5‚
1439 497 1562 544 quos
1580 497 1702 546 saepe
1721 496 1838 528 con·

418 561 553 626 spicit
577 569 625 608 et
651 559 878 617 intendit,
915 558 1228 622 restituatque
1259 558 1376 604 mihi
1412 557 1574 605 lumen
1599 558 1806 605 veritatis
1822 593 1834 617 ,

418 649 552 686 eruat
571 655 647 686 me
666 637 726 695 ab
743 636 1036 684 infidelitatis
1053 635 1207 700 lapsu,
1225 635 1428 682 mundet
1447 652 1532 683 cor
1559 645 1605 682 et
1626 644 1837 682 mentem

417 733 444 763 a
466 715 622 762 lurida
652 715 785 780 lepra
810 713 1024 772 luxuriae,
1052 722 1224 778 purget
1255 712 1570 776 cogitationes
1606 729 1634 760 a
1656 729 1837 759 concu-

417 792 659 858 piscentiis
671 791 849 856 pravis,
861 800 1007 855 atque
1022 805 1258 837 omnema
1273 806 1348 836 me
1367 788 1635 836 facinorum
1659 789 1836 836 molem

416 870 567 917 diluat
588 879 732 933 atque
755 878 1025 934 prosternat
1047 888 1059 930 ;
1087 877 1139 914 ut
1162 883 1275 914 cum
1297 866 1346 913 in
1367 866 1552 930 judicio
1576 867 1624 912 in
1650 867 1838 914 sinistra

414 957 548 1013 parte
567 947 702 994 fuero
725 946 925 1006 locatus,
954 945 1032 993 ille
1055 962 1132 993 me
1146 944 1206 992 de
1229 944 1390 991 medio
1407 943 1658 990 baedorum
1681 959 1838 990 sacro-

414 1034 578 1072 sancta
595 1023 762 1072 dextra
787 1022 1013 1088 dignetur
1035 1021 1329 1082 abstrahere,
1350 1030 1741 1084 reservatumque
1762 1036 1838 1066 me

415 1112 582 1150 tenens
612 1111 722 1168 post
752 1092 956 1164 terfgum‚
993 1099 1278 1148 sententiam
1308 1097 1483 1163 judicis
1520 1097 1832 1163 praestoletur.

414 1181 630 1244 Cumque
649 1195 708 1226 eo
727 1178 975 1242 judicante
1007 1178 1141 1225 fuero
1172 1177 1378 1224 flammis
1413 1174 1725 1223 infernalibus
1758 1174 1838 1222 de·

413 1265 623 1321 putatus,
649 1265 954 1303 sacrosancto
978 1254 1142 1320 pallio,
1169 1270 1268 1318 quo
1296 1253 1374 1300 ilie
1396 1253 1569 1317 tegitur
1590 1253 1641 1299 in
1665 1252 1833 1316 gloria,

414 1351 490 1381 me
512 1343 785 1388 contectum
808 1343 1000 1381 excuset
1024 1350 1052 1381 a
1083 1349 1244 1398 poena,
1276 1320 1546 1379 dicentibus
1568 1331 1667 1393 regi
1692 1347 1835 1394 ange-

413 1413 487 1471 lis,
511 1411 644 1477 quod
668 1412 920 1477 quondam
944 1411 1005 1460 de
1030 1410 1273 1458 monacho
1291 1411 1571 1458 resuscitato
1588 1409 1831 1456 dixerunt:

414 1492 510 1536 Iste
532 1500 604 1537 est
617 1507 710 1554 pro
730 1507 822 1555 quo
837 1490 1093 1536 -Martinas
1111 1500 1265 1554 rogat.
1290 1488 1504 1552 Fiatque‚
1524 1497 1578 1534 ut
1601 1487 1715 1551 quia
1735 1501 1834 1532 non

413 1582 602 1615 mereor
622 1567 703 1614 illa
724 1566 935 1614 claritate
959 1566 1143 1626 vestiri,
1166 1565 1242 1612 vel
1271 1565 1333 1612 ab
1362 1563 1652 1612 irruentibus
1682 1571 1836 1610 tarta-

412 1660 579 1692 rorum
614 1644 841 1692 ministris
873 1659 1058 1691 merear
1092 1643 1279 1690 liberari
1316 1660 1326 1689 :
1371 1659 1460 1689 nec
1497 1651 1682 1688 tantum
1716 1639 1836 1686 mihi

412 1738 536 1769 noxa
550 1722 820 1788 praevaleat,
846 1732 898 1769 ut
921 1736 1113 1786 separer
1134 1720 1196 1768 ab
1213 1721 1315 1784 ejus
1339 1736 1487 1784 regno
1510 1736 1655 1784 quem
1682 1717 1835 1765 fideli-

412 1809 484 1848 ter
499 1816 606 1847 sum
622 1799 870 1847 confessus
889 1799 937 1846 in
962 1796 1151 1845 saeculo.

792 2203 1004 2234 nmect'r
1039 2202 1167 2233 LIBER
1196 2201 1445 2233 SECUNDUS.
