2028 3458
362 327 413 363 96
576 327 643 362 DE
671 324 965 362 VIRTUTIBUS
995 323 1167 361 SANCTI
1197 324 1420 362 MARTINI.
1444 326 1566 362 —11.

361 413 584 476 arguerit,
612 428 673 459 ne
696 421 806 459 ante
830 427 906 457 me
929 411 1254 475 permitterem
1276 410 1449 459 stultos
1468 423 1516 460 et
1539 412 1699 460 faciles
1722 412 1783 460 de

359 489 511 537 beatis
531 489 823 536 solemnibus
843 487 1125 536 obtrectare.
1151 492 1202 536 ln
1227 491 1436 539 crastino
1458 501 1620 538 autem
1645 501 1785 556 post-

361 584 505 631 quam
541 566 781 627 convalui‚
823 565 901 612 die
930 564 1178 613 dominico
1218 566 1280 614 ad
1321 568 1515 616 missam
1550 568 1781 627 veniens,

360 644 625 708 nolensque
670 660 746 690 me
781 642 998 707 fatigare,
1035 643 1121 690 uni
1148 643 1540 709 presbyterorum
1577 644 1787 709 gloriosa

361 721 592 769 solemnia
623 720 866 768 celebrare
897 721 1118 786 praecepi.
1153 721 1248 769 Sed
1282 740 1393 770 cum
1421 722 1669 788 presbyter
1705 721 1784 769 ille

361 800 521 846 nescio
554 816 659 863 quae
694 799 868 846 rustice
900 799 1063 847 festiva
1095 799 1243 848 verba
1277 801 1608 867 depromeret,
1648 800 1787 848 multi

360 893 471 923 eum
494 876 554 924 de
580 877 754 924 nostris
776 876 973 925 irridere
997 889 1262 943 coeperunt,
1286 879 1500 927 dicentes
1524 898 1534 926 :
1566 899 1590 925 «
1621 878 1787 926 Melius

360 956 523 1003 fuisset
541 965 723 1018 tacere,
752 973 899 1022 quam
925 958 993 1005 sic
1015 957 1194 1005 inculte
1218 958 1369 1023 loqui.
1402 978 1425 1002 ιο
1455 962 1603 1006 Nocte
1626 968 1787 1005 autem

359 1033 590 1096 insecuta,
603 1034 871 1082 vidivirum
884 1035 1124 1083 dicentem
1143 1036 1261 1082 mihi
1283 1053 1293 1083 :
1317 1057 1338 1080 «
1358 1039 1429 1084 De
1447 1036 1681 1102 mysteriis
1699 1035 1786 1082 Dei

359 1126 665 1176 nequaquam
688 1112 1053 1179 disputandum.
1076 1134 1099 1157 ³>
1130 1117 1295 1162 Testor
1318 1115 1448 1162 enim
1473 1117 1647 1174 Deum,
1675 1113 1789 1178 quia

358 1188 454 1236 hoc
488 1206 517 1238 a
547 1207 623 1238 me
650 1208 751 1238 non
778 1201 849 1238 est
878 1192 1227 1257 compositum,
1262 1192 1347 1240 sed
1378 1193 1482 1258 ipsa
1513 1191 1657 1240 verba
1683 1207 1789 1256 quae

359 1266 547 1329 audivi,
572 1267 711 1316 vobis
734 1269 950 1334 exposui.
988 1268 1125 1317 Unde
1144 1306 1156 1329 ‚
1187 1268 1509 1332 dilectissimi,
1541 1268 1701 1316 nullus
1728 1267 1789 1314 de

358 1342 454 1391 hoc
478 1346 721 1409 mysterio,
748 1347 892 1394 etiam
914 1347 954 1394 si
972 1347 1147 1395 rustice
1167 1346 1384 1395 videatur
1407 1347 1520 1407 dici,
1547 1345 1790 1412 disputare

360 1433 637 1487 praesumat,
665 1424 778 1489 quia
799 1424 931 1489 apud
954 1425 1044 1474 Dei
1065 1425 1361 1489 majestatem
1386 1426 1535 1490 magis
1561 1423 1788 1489 simplici-

363 1508 433 1548 tas
452 1517 574 1566 pura
595 1518 741 1567 quam
758 1502 1164 1569 philosophorum
1187 1503 1312 1552 valet
1330 1505 1531 1569 argutia.

951 1729 1108 1766 CAPUT
1129 1732 1179 1767 II.

862 1825 915 1862 De
927 1825 1131 1862 infirmitate
1144 1827 1165 1861 J
1168 1826 1286 1862 ustini.

427 1919 627 1966 Gratum
652 1919 908 1969 arbitratus
930 1940 1036 1970 sum
1057 1933 1105 1971 et
1123 1923 1244 1971 illud
1267 1940 1367 1970 non
1393 1924 1631 1984 omittere,
1656 1922 1789 1987 quod

363 1995 481 2042 mihi
506 1997 554 2043 in
588 1997 712 2045 libro
743 2000 982 2047 anteriore
1017 2002 1210 2048 excidit.
1245 2004 1364 2048 Nam
1399 2019 1511 2049 cum
1546 2001 1790 2048 retulerim

363 2071 425 2119 de
444 2074 642 2120 cereolis
673 2074 763 2122 illis
786 2091 910 2139 quos
936 2077 997 2124 de
1030 2079 1252 2143 sepulcro
1277 2078 1405 2126 beati
1441 2079 1662 2126 antistitis
1688 2095 1792 2124 sus-

363 2149 448 2196 tuli
469 2154 496 2208 ¹,
522 2167 549 2198 a
572 2151 746 2215 quibus
764 2163 810 2199 et
837 2163 1142 2219 tempestates
1165 2155 1369 2215 sedatas,
1394 2166 1439 2203 et
1459 2156 1571 2203 alias
1591 2156 1791 2203 infirmi-

364 2235 483 2273 tates
505 2228 769 2293 prohibitas
789 2229 902 2292 dixi,
927 2231 1013 2279 hos
1030 2249 1142 2279 cum
1168 2250 1358 2280 mecum
1383 2233 1666 2295 detinerem,
1689 2237 1710 2280 J
1718 2252 1793 2282 us-

364 2304 491 2350 tinus
520 2305 592 2351 vir
619 2307 799 2354 sororis
834 2325 950 2356 meae
990 2309 1039 2355 in
1081 2310 1408 2359 valetudinem
1447 2312 1598 2359 irruit.
1643 2315 1787 2370 Nam,

364 2380 683 2432 invalescente
714 2384 863 2444 febre,
898 2404 1011 2434 cum
1044 2387 1295 2436 doloribus
1328 2390 1658 2438 membrorum
1686 2408 1791 2438 om-

364 2458 517 2518 nium,
545 2460 686 2508 valde
702 2462 764 2509 ad
786 2473 1052 2512 extremum
1076 2467 1150 2529 agi
1179 2469 1339 2532 coepit.
1369 2470 1570 2517 Nuntius
1602 2470 1702 2517 haec
1730 2470 1792 2518 ad

365 2552 443 2583 me
467 2536 651 2586 delatus
675 2540 853 2601 retulit,
882 2541 1145 2606 efflagitans
1169 2555 1220 2591 ut
1245 2545 1284 2592 si
1307 2546 1424 2610 quid
1456 2546 1792 2595 medicamenti

366 2615 574 2679 reperire
598 2634 805 2682 possem,
834 2620 1069 2668 morituro
1096 2624 1490 2683 transmitterem,
1521 2642 1581 2673 ne
1615 2625 1787 2673 obiret.

421 2820 476 2874 (1)
494 2824 538 2860 In
558 2822 658 2862 libro
677 2825 860 2876 praeced.‚
886 2840 972 2879 cap.
997 2841 1130 2867 xxxiv.
