2028 3458
497 269 546 306 32
717 240 781 305 or,
809 268 1098 305 vlawnnus
1126 267 1296 303 SANc'rl
1328 242 1549 303 MAaTuvl.
1570 287 1624 295 -
1648 268 1678 304 1.

494 355 789 421 sepulcrum,
826 356 976 421 aperti
1005 364 1116 401 sunt
1137 354 1265 401 oculi
1288 353 1389 417 ejus
1420 353 1486 401 ita
1510 363 1562 400 ut
1584 364 1756 402 cuncta
1783 355 1909 403 clare

494 434 802 500 prospiceret.
831 438 1099 496 Amotoque
1129 432 1263 478 omni
1293 430 1523 495 languore
1554 431 1904 494 membrorum,

494 522 637 576 atque
668 513 841 559 siccato
873 510 1077 557 humore
1107 509 1200 571 *qui
1235 507 1413 557 fluebat
1447 525 1475 556 a
1514 526 1743 576 corpore,
1783 527 1909 558 nova

493 597 602 636 cute
618 588 996 654 superveniente,
1016 587 1167 634 taliter
1186 596 1253 633 est
1271 587 1478 652 pristinae
1495 588 1680 636 reddita
1699 589 1905 649 sanitati,

493 674 546 711 ut
573 682 661 712 nec
690 664 922 712 indicium
955 663 1151 728 quidem
1184 663 1470 713 infirmitatis
1503 666 1551 712 in
1579 666 1680 730 ejus
1704 683 1909 731 corpore

493 743 754 790 resedisset.
795 746 910 800 Quae
946 742 1122 789 multos
1156 742 1205 788 in
1239 752 1484 807 posterum
1523 744 1686 790 vivens
1726 760 1904 803 annos,

493 819 661 882 gratias
683 820 1002 885 omnipotenti
1025 822 1127 866 Deo
1151 818 1384 867 referebat
1410 819 1597 886 assidue
1611 858 1623 882 ,
1647 821 1781 885 quod
1802 837 1909 868 eam

492 911 577 959 per
598 895 793 943 beatum
814 897 1136 945 confessorem
1171 914 1313 946 suum
1347 899 1414 946 sic
1442 899 1749 947 instaurasset
1774 898 1907 944 inco-

491 972 687 1021 lumem.

1071 1092 1229 1128 CAPUT
1252 1094 1319 1128 IX.

916 1189 967 1222 De
986 1188 1088 1223 beato
1106 1188 1271 1224 Baudino
1297 1190 1478 1237 episcopo,

558 1287 714 1341 Quam
732 1300 937 1349 praesens
958 1284 1199 1332 invocatio
1220 1286 1430 1333 nominis
1453 1285 1553 1350 ejus
1575 1300 1705 1332 mare
1730 1283 1909 1349 procel-

493 1361 649 1409 losum
671 1363 1035 1427 compescuerit,
1062 1380 1162 1410 non
1187 1364 1420 1411 omittam.
1449 1365 1570 1411 Cum
1591 1363 1761 1410 beatus
1786 1366 1907 1409 Bau-

493 1439 634 1487 dinus
656 1442 667 1465 ¹
690 1441 943 1506 episcopus
967 1441 1220 1489 Turonicae
1243 1442 1441 1490 civitatis
1465 1443 1514 1488 in
1536 1441 1696 1489 villam
1721 1440 1910 1503 navigio

492 1517 785 1566 subvehente
803 1519 1041 1582 transiret,
1068 1520 1226 1568 subito
1245 1520 1531 1569 adveniente
1553 1537 1663 1568 cum
1686 1520 1911 1567 violentia

493 1594 622 1641 venti
644 1594 812 1641 nimbo
836 1597 1081 1644 teterrimo
1097 1633 1110 1658 ,
1137 1614 1267 1645 mare
1298 1597 1541 1663 placidum
1578 1607 1911 1645 commovetur

492 1670 699 1736 impulsu
725 1672 956 1734 flaminis,
988 1675 1219 1739 navisque
1241 1675 1482 1722 undarum
1513 1675 1642 1722 mole
1670 1674 1905 1722 turbatur.

492 1748 690 1797 Tollitur
711 1759 853 1815 caput
878 1751 1089 1816 primum
1114 1753 1164 1799 in
1189 1753 1380 1814 fluctus,
1412 1752 1678 1800 secundum
1702 1751 1911 1799 declina-

493 1835 571 1873 tur
590 1827 712 1875 inter
733 1827 975 1876 undarum
997 1830 1170 1878 hiatus.
1198 1832 1257 1878 Hi
1275 1831 1324 1878 in
1347 1848 1489 1879 scena
1508 1832 1522 1854 ²
1547 1831 1723 1877 montis
1745 1830 1911 1894 aquosi

496 1903 785 1969 dependent,
804 1905 856 1952 hi
876 1907 1051 1972 apertis
1070 1908 1213 1955 undis
1228 1909 1278 1955 in
1298 1909 1395 1956 ima
1413 1907 1667 1955 dehiscunt
1689 1926 1700 1954 :
1720 1906 1805 1954 sed
1824 1923 1912 1953 nec

496 1991 704 2030 antenna
724 1982 920 2047 residet,
951 2001 1055 2049 quae
1088 1986 1240 2034 beatae
1270 1986 1422 2033 crucis
1442 1987 1455 2010 ³
1477 1984 1775 2050 signaculum
1798 2000 1912 2048 prae-

497 2058 694 2108 ferebat.
723 2064 853 2109 Tunc
880 2063 1101 2111 resolutis
1133 2064 1305 2112 timore
1336 2063 1584 2126 membris,
1612 2074 1659 2111 et
1687 2063 1912 2110 omnibus

550 2242 605 2295 (1)
623 2244 684 2283 Sic
703 2254 740 2283 et
765 2248 980 2298 appellatur
1000 2247 1068 2287 lib.
1090 2251 1128 2287 X
1146 2249 1244 2288 Hist.
1274 2263 1360 2302 cap.
1388 2250 1458 2288 ult.
1485 2249 1680 2305 ubi-num.
1706 2251 1755 2287 16
1775 2262 1910 2286 recen-

497 2316 614 2347 setur.
637 2311 706 2347 Hic
724 2320 849 2350 tamen
873 2314 961 2352 Gat.
986 2313 1104 2352 habet
1121 2317 1345 2352 Baudoenus
1368 2313 1443 2367 (id.
1467 2316 1588 2363 5326,
1612 2316 1732 2361 5329,
1753 2314 1881 2366 5335)
1900 2329 1910 2361 ;

498 2372 606 2412 Colb.
643 2373 669 2411 l)
703 2379 914 2425 Bladenas,·
949 2382 1038 2419 Bec.
1069 2379 1123 2432 (et
1148 2380 1284 2432 5336),
1310 2382 1528 2417 Blundcmcs
1540 2395 1554 2426 ,·
1580 2379 1677 2417 Editi
1710 2378 1762 2431 (et
1790 2381 1910 2426 2204,

500 2441 618 2488 3801,
641 2442 773 2494 5359),
795 2447 1010 2484 Baudenus.
1033 2445 1179 2499 (R.>—
1198 2446 1322 2484 Cl.-F.
1345 2447 1538 2483 Audentes.

552 2503 608 2557 (2)
627 2507 733 2555 Gat.,
754 2509 795 2545 ln'
807 2523 1009 2557 uncenam;
1024 2510 1132 2549 Colb.
1154 2519 1223 2550 tut,
1243 2513 1287 2549 hi
1299 2516 1337 2548 in
1358 2515 1529 2557 ἱππῆας
1545 2510 1655 2551 Colb.
1673 2524 1710 2559 a,
1732 2512 1774 2548 lu'
1785 2515 1822 2548 in
1842 2520 1913 2548 tes-

497 2583 624 2608 cenam
633 2586 648 2618 ,-
672 2574 759 2611 Bec.
791 2573 1014 2629 (etCl.-F.),
1034 2579 1076 2614 lu·
1098 2582 1137 2614 in
1156 2591 1260 2616 cena.
1286 2577 1360 2616 Sed
1379 2577 1577 2616 retinenda
1604 2586 1660 2615 est
1688 2590 1765 2615 vox
1784 2590 1910 2614 scena.

498 2635 712 2689 (R.)—Sic
731 2642 850 2690 2204,
869 2645 922 2679 Hi
939 2646 977 2679 ιἰι
990 2657 1114 2683 scena.

552 2702 617 2759 (3),
628 2706 748 2744 Laud.
768 2714 805 2744 et
819 2707 927 2746 Colb.
950 2722 988 2758 a,
1011 2723 1090 2759 {111ae
1110 2709 1211 2747 beati
1222 2714 1337 2761 reg1's.
1358 2709 1440 2763 (R.)
1454 2732 1507 2740 -—
1520 2712 1640 2757 2204,
1655 2709 1769 2747 beatae
1787 2712 1886 2760 regis
1899 2738 1909 2756 ,

500 2768 741 2808 emendatum
761 2772 917 2823 antiqua
937 2786 1053 2812 manu
1073 2788 1157 2825 quae
1178 2775 1340 2813 restituit
1359 2777 1489 2813 crucis.
