2028 3458
396 233 471 270 328
600 233 664 267 DE
693 230 984 267 VIRTUTIBUS
1014 230 1186 267 SANCTI
1214 230 1436 269 MARTINI.
1455 249 1509 257 —
1533 230 1596 265 1v.

397 319 534 378 fuste,
571 328 623 364 ut
656 333 759 363 mos
790 326 859 362 est
893 316 1193 378 claudorum,
1225 316 1388 363 adfuit.
1416 316 1458 362 Is
1491 333 1599 362 cum
1625 332 1710 380 per
1734 316 1814 362 tri-

395 397 545 443 duum
582 395 848 441 orationem
885 393 1083 441 fudisset
1119 393 1180 441 ad
1213 394 1471 440 Dominum
1489 432 1500 453 ,
1536 402 1702 457 quarta
1738 391 1815 438 die

395 490 498 537 qnae
518 482 587 519 est
610 473 657 518 in
678 472 938 518 crastinum
959 470 1019 517 de
1039 470 1304 529 festivitate,
1329 486 1449 535 genu
1473 472 1654 519 directo
1673 485 1815 516 sanus

394 550 632 598 abscessit..
660 553 769 596 Post
784 565 963 614 paucos
983 559 1141 595 autem
1164 548 1265 595 dies
1287 549 1529 609 homines,
1553 549 1634 612 qui
1661 564 1817 594 carce-

396 630 458 675 ris
479 627 679 675 vinculis
698 627 1002 686 tenebantur,
1029 626 1257 674 divinitus
1276 627 1497 688 absoluti,
1527 627 1676 674 sancti
1703 627 1817 674 basi-

393 706 532 753 licam
556 715 663 752 suut
684 705 906 769 ingressi,
927 715 973 752 et
996 722 1082 770 per
1101 704 1313 769 judicem
1336 706 1575 752 immunes
1594 722 1621 751 a
1640 704 1819 750 damno

394 784 532 831 laxati
554 793 680 830 sunt.
826 779 831 782 Α

959 946 1114 982 CAPUT
1144 947 1260 983 XLII.

930 1045 982 1078 De
1001 1044 1070 1078 alio
1087 1051 1269 1078 contracto
1279 1068 1287 1078 .

464 1149 587 1192 Puer
617 1145 813 1209 quidam
843 1144 1046 1209 pedibus
1078 1144 1392 1208 manibusque
1431 1154 1729 1201 contractus,
1766 1142 1826 1188 de

401 1222 509 1268 villa
532 1221 775 1268 Themello
799 1224 810 1246 ¹
834 1222 882 1267 in
912 1237 1038 1286 pago
1066 1224 1311 1269 Turonicae
1336 1221 1486 1281 urbis,
1521 1222 1611 1267 vici
1646 1220 1829 1267 Ambia-

402 1297 555 1342 censis
581 1299 610 1353 ²,
645 1296 903 1343 adveniens
937 1296 996 1342 ad
1037 1296 1280 1343 basilicam
1319 1297 1491 1356 sancti,
1539 1296 1654 1342 dum
1707 1296 1829 1341 inter

405 1373 613 1437 reliquos
631 1383 851 1438 petentes
885 1374 1146 1438 postularet
1170 1375 1322 1421 victus
1350 1374 1539 1438 stipem,
1562 1374 1774 1419 visitatus
1800 1388 1827 1418 a

406 1451 553 1497 sancti
576 1452 748 1497 virtute
771 1451 977 1498 directus
999 1450 1243 1499 abscessit.

961 1631 1116 1666 CAPUT
1144 1631 1277 1666 XLIII.

789 1735 840 1767 De
855 1734 973 1780 pueris
1000 1734 1278 1769 febricitantibus
1312 1735 1453 1771 sanatis.

481 1835 606 1882 Alius
631 1851 826 1899 quoque
849 1837 1077 1900 puerulus
1101 1836 1326 1900 Euthymi
1342 1838 1356 1860 ³
1379 1835 1640 1901 presbyteri
1666 1836 1831 1894 nostri,

415 1929 524 1960 cum
551 1913 599 1958 in
625 1912 945 1959 valetudinem
970 1912 1111 1959 febris
1139 1914 1296 1960 nimiae
1318 1914 1576 1970 incidisset,
1605 1930 1659 1959 ac
1682 1914 1836 1959 exani-

419 1990 537 2037 mari
562 1989 621 2036 ab
644 1990 812 2036 eadem
836 1999 1105 2054 putaretur,
1143 1991 1203 2037 de
1234 1990 1431 2055 pulvere
1458 1991 1606 2037 sancti
1631 1991 1834 2054 sepulcri

417 2066 663 2132 presbyter
685 2067 848 2114 levans
864 2106 876 2124 ‚
920 2084 974 2114 ac
999 2067 1207 2114 fimbrias
1235 2068 1370 2133 pallae
1402 2070 1710 2133 superpositae
1734 2069 1835 2114 dis-—

420 2162 646 2209 rumpens
668 2161 831 2191 secum
854 2145 1021 2191 detulit
1040 2181 1051 2205 ,
1078 2146 1419 2210 pulveremque
1441 2162 1591 2210 puero
1612 2146 1835 2193 haurien-

421 2222 538 2268 dum
573 2221 733 2281 dedit,
774 2221 986 2269 fimbrias
1023 2239 1139 2269 vero
1175 2223 1300 2270 collo
1333 2223 1432 2285 ejus
1467 2223 1688 2285 alligavit.
1730 2227 1835 2271 Mox

422 2298 550 2345 febre
568 2299 792 2346 restincta
814 2309 1005 2346 sanatus
1028 2310 1112 2347 est.
1144 2303 1248 2346 Non
1273 2300 1449 2364 dispari
1475 2301 1622 2346 modo
1647 2311 1692 2347 et
1713 2301 1837 2347 Ulfa-

479 2509 755 2561 (1)Tl1emall0,
782 2511 876 2546 3801
905 2509 1073 2559 editique
1092 2508 1204 2546 codd.

474 2574 528 2620 (2)
550 2574 638 2620 SR„
660 2571 915 2609 Ambacieusis
932 2575 1023 2620 (R).
1040 2593 1092 2601 —
1110 2572 1429 2619 Ambaziacensis,
1452 2573 1571 2618 5326,
1592 2573 1711 2618 5329,
1730 2575 1836 2622 Sag.;

423 2634 701 2672 Ambazicensis
720 2636 818 2674 Cott.

480 2699 533 2746 (3)
554 2699 659 2746 Gat.‚
674 2688 861 2737 'Euchenii
874 2700 918 2745 (R
929 2701 971 2746 ..)
987 2720 1033 2726 -
1044 2698 1228 2745 Eutln'mi,
1249 2700 1368 2744 2201„
1389 2698 1585 2742 Euehimn,
1596 2698 1697 2735 53212
1709 2706 1746 2735 et
1759 2696 1837 2736 alii.
