2028 3458
491 255 567 292 306
715 254 782 290 DE
813 251 1105 289 VIRTUTIBUS
1137 251 1310 290 SANCTI
1345 250 1717 289 MARTINL—IV.

1032 427 1189 463 CAPUT
1214 427 1354 463 XXVI.

958 524 1011 557 De
1028 522 1230 557 carcerariis
1244 522 1424 559 absolutis.

553 610 723 655 Fuerat
743 606 885 654 nobis
900 623 1042 654 causa
1057 606 1278 671 quaedam
1294 605 1619 653 Childeberthi
1637 606 1758 669 regis
1775 605 1905 652 adire

486 686 802 751 praesentiam.
839 684 1146 750 Pergentibus
1176 700 1369 749 quoque
1399 684 1562 745 nobis,
1589 686 1677 731 iter
1709 701 1795 748 per
1821 700 1905 748 pa-

486 779 599 826 gum
623 763 906 810 Remensem
931 763 1134 827 aggressi
1157 779 1343 822 sumus,
1369 763 1728 827 reperimusque
1750 761 1906 808 homi-

484 856 597 887 nem
620 840 904 905 quemdam,
931 841 1015 905 qui
1038 839 1181 887 nobis
1203 840 1353 887 relatu
1377 857 1465 887 suo
1487 840 1776 905 patefactum
1799 856 1908 887 car-

484 934 642 965 cerem
662 917 803 982 hujus
823 918 973 978 urbis,
994 919 1042 966 in
1063 936 1162 983 quo
1187 920 1310 966 inter
1332 919 1544 982 reliquos
1563 918 1746 964 vinctos
1763 917 1906 981 hujus

483 995 688 1043 famulus
732 996 983 1044 tenebatur
998 1034 1010 1058 ,
1052 997 1242 1043 Martini
1285 996 1459 1043 virtute
1502 996 1643 1042 fuisse
1685 994 1901 1055 dicebat;

482 1075 766 1139 vinctosque
789 1073 851 1122 ab
874 1075 1110 1138 ergastulo
1134 1073 1397 1133 absolutos,
1423 1072 1696 1137 liberosque
1721 1071 1906 1120 absces-

483 1152 596 1199 sisse
618 1152 846 1199 narravit.
874 1155 986 1199 Erat
1008 1152 1138 1198 enim
1160 1151 1437 1214 hujusmodi
1460 1167 1621 1198 carcer
1646 1150 1709 1197 ita
1732 1161 1902 1211 tectus,

484 1239 536 1276 ut
558 1245 702 1295 super
723 1239 903 1276 struem
923 1230 1167 1292 tignorum
1190 1245 1298 1275 axes
1321 1228 1465 1276 validi
1489 1228 1776 1293 superpositi
1801 1228 1905 1293 pul-

482 1307 765 1372 pitarentur,
791 1323 845 1354 ac
870 1307 1091 1371 desuper,
1118 1307 1199 1370 qui
1224 1307 1420 1354 eosdem
1444 1307 1798 1371 opprimerent,
1827 1306 1906 1351 in-

481 1385 636 1448 signes
654 1384 841 1431 fuerant
860 1383 1042 1449 lapides
1062 1383 1297 1431 collocati.
1323 1384 1641 1430 Nihilominus
1663 1392 1710 1429 et
1730 1383 1904 1429 ostium

481 1461 683 1509 carceris
724 1477 827 1508 sera
868 1461 994 1508 ferro
1032 1462 1217 1507 munita
1231 1498 1243 1522 ,
1285 1460 1499 1508 obducto
1539 1460 1670 1507 clave
1714 1461 1904 1524 pessulo

481 1537 794 1586 obserabatur
813 1555 823 1583 :
851 1537 936 1585 se'd
956 1538 1105 1584 virtus
1124 1538 1361 1597 antistitis,
1389 1548 1440 1584 ut
1462 1538 1562 1603 ipse
1583 1536 1757 1583 relator
1777 1553 1902 1584 asse-

480 1616 592 1676 ruit,
614 1614 795 1680 lapides
818 1614 1037 1675 dimovit,
1065 1615 1250 1678 disjecit
1271 1614 1472 1680 pulpita,
1500 1624 1691 1661 catenas
1715 1615 1904 1661 confre-

482 1694 566 1757 git,
593 1702 640 1740 et
661 1693 846 1740 trabem
867 1709 971 1757 quae
994 1693 1267 1741 vinctorum
1291 1692 1566 1740 coarctabat
1590 1692 1758 1757 pedes,
1793 1709 1906 1758 ape-

481 1771 593 1831 ruit,
610 1786 666 1817 ac
679 1787 768 1818 nec
782 1781 989 1818 reserato
1005 1771 1129 1818 ostio
1146 1770 1367 1818 homines
1385 1787 1471 1836 per
1487 1787 1599 1818 aera
1616 1769 1902 1831 sublevatos,

482 1849 599 1896 foris
622 1858 750 1896 tecto
774 1859 968 1915 patente
987 1849 1232 1916 produxit,
1259 1850 1423 1897 dicens
1444 1868 1454 1896 :
1476 1869 1499 1895 «
1530 1853 1628 1913 Ego
1651 1866 1758 1896 sum
1780 1852 1905 1896 Mar-

485 1943 577 1973 nus
612 1925 749 1974 miles
784 1926 986 1990 Christi,
1026 1927 1273 1975 absolutor
1303 1937 1475 1975 vester.
1511 1927 1756 1975 Abscedite
1794 1945 1906 1974 cum

482 2019 618 2068 pace,
638 2013 686 2050 et
697 2003 823 2051 abite
840 2005 1010 2052 securi.
1036 2026 1059 2049 ³>
1083 1998 1176 2053 Sed
1190 2022 1301 2052 cum
1316 2021 1406 2052 nos
1421 2005 1483 2053 ad
1501 2021 1662 2068 regem
1680 2005 1907 2052 acceden-

485 2090 570 2141 tes,
590 2081 776 2127 virtutis
794 2080 934 2145 hujus
954 2081 1309 2129 diffamaremus
1328 2081 1632 2140 miraculum,
1654 2081 1905 2131 affirmavit

484 2174 567 2204 rex
589 2158 825 2222 quosdam
842 2176 898 2206 ex
921 2159 996 2206 his
1018 2160 1100 2224 qui
1124 2159 1329 2207 absoluti
1347 2160 1534 2206 fuerant
1549 2158 1610 2206 ad
1626 2176 1676 2206 se
1697 2161 1900 2221 venisse,

438 2238 446 2247 '
485 2243 629 2298 atque
651 2236 1052 2301 compositionem
1071 2235 1185 2284 fisco
1207 2236 1435 2297 debitam,
1454 2253 1598 2302 quam
1624 2237 1690 2284 illi
1718 2237 1904 2287 fredum

485 2323 676 2374 vocant,
702 2330 730 2361 a
763 2331 814 2361 se
851 2315 995 2362 fuisse
1016 2316 1109 2363 reis
1139 2315 1389 2363 indultam.
1416 2319 1519 2362 Hoc
1546 2325 1706 2364 autem
1726 2317 1904 2365 factum

484 2402 555 2439 est
577 2401 687 2439 ante
720 2403 928 2456 quatuor
963 2393 1222 2441 festivitatis
1252 2393 1376 2456 dies,
1415 2394 1464 2441 in
1496 2395 1747 2443 memorati
1784 2396 1905 2460 regis

484 2484 615 2517 anuo
638 2479 770 2517 sexto
792 2480 839 2517 et
862 2470 1068 2518 decimo.
