2028 3458
426 254 502 291 420
797 255 864 290 DE
892 254 1083 292 GLORIA
1110 255 1204 293 CON
1210 255 1484 293 FESSORUM.

423 341 681 405 peregrinis
706 341 871 389 delatae
897 327 1039 406 super
1062 342 1207 390 altare
1229 341 1538 401 haberentur,
1569 342 1728 390 subito
1749 344 1847 406 glo-

422 413 512 461 bus
553 416 671 477 ignis
714 416 775 462 ab
810 415 990 462 eisdem
1033 432 1280 480 emergens
1318 433 1470 481 usque
1506 416 1566 464 ad
1606 433 1846 464 cameram

421 492 585 557 templi
609 493 734 540 visus
758 503 828 540 est
853 493 1206 553 conscendisse,
1235 494 1319 541 sed
1339 511 1438 541 non
1464 495 1642 554 multis,
1670 505 1722 542 ut
1746 495 1846 560 ipse

419 570 589 630 aiebat,
630 581 846 619 ostensus
884 582 970 618 est.
1019 573 1094 619 Sic
1134 582 1180 619 et
1225 572 1274 618 in
1307 571 1612 620 dedicatione
1647 573 1845 621 oratorii

417 648 568 695 nostri
591 649 830 714 apparuit,
858 649 979 695 sicut
1002 666 1147 715 supra
1170 650 1561 698 memoravimus.

1004 886 1161 922 CAPUT
1184 886 1263 922 XL.

659 988 712 1021 De
729 986 925 1022 visionibus
942 999 1009 1035 pro
1027 987 1138 1035 patris
1156 987 1225 1022 mei
1245 986 1446 1022 infirmitate
1464 986 1605 1022 habitis.

475 1128 570 1176 Sed
600 1145 691 1176 nec
721 1128 841 1177 illud
872 1126 1135 1176 absurdum
1159 1139 1230 1176 est
1262 1127 1476 1190 credere,
1513 1126 1648 1193 quod
1673 1127 1842 1192 saepius

408 1221 495 1270 per
514 1203 720 1251 visiones
738 1214 954 1269 expertas
974 1205 1208 1251 Dominus
1230 1204 1438 1251 revelare
1457 1203 1698 1267 dignatur,
1722 1219 1840 1267 qua-

408 1281 516 1328 liter
548 1291 631 1327 aut
663 1281 965 1327 honorentur
994 1282 1163 1343 sancti,
1200 1292 1282 1329 aut
1315 1281 1491 1328 infirmi
1522 1281 1841 1328 medicamina

409 1367 780 1421 consequantur.
821 1360 939 1404 Nam
972 1359 1130 1406 recolo
1172 1368 1355 1422 gestum
1397 1358 1446 1404 in
1478 1358 1695 1418 infantia,
1728 1375 1839 1404 cum

350 1478 359 1484 .
408 1445 542 1501 pater
567 1453 703 1482 meus
727 1435 787 1482 ab
804 1435 1088 1484 infirmitate
1119 1436 1337 1484 humoris
1364 1436 1611 1502 podagrici
1644 1437 1838 1484 labora-

409 1525 496 1575 ret,
522 1524 569 1562 et
591 1515 764 1562 ardore
791 1514 994 1561 febrium
1014 1531 1069 1562 ac
1088 1515 1339 1562 doloribus
1363 1515 1524 1562 multis
1544 1525 1834 1575 attenuatus,

406 1594 581 1641 lectulo
620 1593 896 1652 decubaret,
945 1594 1116 1641 vidisse
1155 1611 1232 1642 me
1266 1595 1313 1641 in
1348 1595 1451 1640 visu
1481 1594 1637 1640 noctis
1671 1610 1837 1659 perso·

407 1688 518 1719 nam
568 1671 808 1719 dicentem
862 1671 979 1718 mihi
1018 1690 1028 1718 :
1071 1692 1094 1715 «
1134 1673 1332 1736 Legisti,
1371 1673 1469 1732 ait,
1504 1671 1682 1719 librum
1727 1675 1835 1720 Jesu

406 1749 565 1797 Nave?
594 1769 616 1794 »
643 1750 730 1797 Cui
753 1766 841 1814 ego
868 1768 880 1795 :
911 1770 933 1794 «
959 1749 1083 1796 Nihil
1111 1749 1242 1797 aliud
1270 1750 1535 1798 litterarum
1560 1759 1729 1814 praeter
1750 1766 1836 1796 no-

404 1836 474 1874 tas
512 1828 712 1891 agnovi,
738 1828 786 1874 in
819 1843 1025 1891 quarum
1050 1844 1180 1874 nunc
1203 1827 1363 1875 studio
1398 1828 1685 1875 constrictus
1723 1827 1837 1874 affli-

406 1919 507 1966 gor.
549 1907 667 1952 Nam
693 1904 774 1951 hic
805 1904 925 1951 liber
955 1921 1152 1969 prorsus
1178 1921 1238 1952 an
1273 1905 1331 1952 sit
1355 1905 1544 1968 ignoro.
1586 1924 1609 1950 »
1643 1908 1698 1951 Et
1725 1906 1789 1951 ait
1819 1922 1830 1950 ε

408 2002 430 2024 «
450 1982 598 2043 Vade,
627 1983 799 2046 inquit,
820 1982 1059 2046 facitoque
1084 1982 1318 2030 hastulam
1339 1983 1589 2047 parvulam
1609 1999 1666 2030 ex
1680 1982 1830 2047 ligno,

403 2060 534 2123 quod
555 2059 651 2106 hoc
668 2076 847 2107 nomen
864 2060 1078 2125 recipere
1097 2061 1264 2125 possit,
1290 2061 1614 2126 scriptumque
1632 2077 1687 2107 ex
1711 2062 1833 2107 atra·-

405 2146 567 2184 mento
593 2137 682 2183 sub
712 2138 899 2202 paterni
932 2138 1100 2204 capitis
1126 2137 1329 2186 fulcrum
1353 2138 1560 2196 colloca;
1584 2139 1672 2185 erit
1704 2138 1831 2185 enim

403 2215 446 2262 ei
478 2214 768 2279 praesidium,
793 2216 831 2263 si
855 2216 988 2279 quod
1012 2217 1190 2281 loquor
1212 2216 1500 2281 impleveris.
1537 2235 1562 2260 »
1585 2219 1723 2262 Mane
1748 2232 1832 2263 au-

402 2301 498 2339 tem
530 2292 671 2352 facto,
699 2294 838 2340 matri
861 2310 966 2358 quae
985 2294 1202 2341 videram
1227 2293 1460 2352 indicavi;
1482 2292 1618 2357 jubet
1645 2294 1831 2359 impleri

400 2370 600 2417 visionis
622 2380 875 2435 praecepta.
903 2372 1046 2429 Quod
1073 2388 1184 2418 cum
1205 2370 1435 2430 fecissem,
1462 2372 1619 2419 statim
1646 2372 1832 2435 genitor

401 2448 462 2496 ab
484 2449 757 2497 infirmitate
773 2451 1035 2497 convaluit.
1054 2453 1268 2497 Decurso
1289 2467 1484 2515 quoque
1507 2451 1699 2498 alterius
1716 2452 1830 2498 anni

400 2525 657 2585 curriculo,
685 2527 857 2574 iterum
881 2527 1056 2575 abhoc
1077 2528 1391 2575 incommodo
1415 2529 1602 2593 capitur
1624 2546 1634 2575 ε
1661 2544 1829 2576 accen-

400 2602 530 2650 ditur
553 2603 710 2664 febris,
735 2604 1061 2652 intumescunt
1085 2605 1246 2670 pedes,
1270 2605 1438 2653 dolore
1461 2607 1670 2671 pessimo
1694 2608 1826 2655 nervi

400 2681 754 2745 intorquentur.
789 2685 897 2729 Haec
928 2682 1009 2728 illo
1046 2683 1329 2747 perferente,
1365 2684 1481 2731 dum
1515 2701 1627 2732 cum
1652 2701 1826 2747 magno

399 2759 575 2822 gemitu
612 2761 659 2806 in
698 2769 845 2806 stratu
882 2759 1210 2822 decumberet,
1239 2762 1336 2808 vidi
1368 2763 1538 2809 iterum
1570 2778 1824 2827 personam
