2028 3458
430 315 505 353 196
641 314 706 350 DE
734 310 1027 349 VIRTUTIBUS
1056 310 1227 347 SANCTI
1255 309 1482 348 MARTINI.
1500 328 1553 336 ——
1570 310 1642 346 111.

426 419 527 449 non
547 399 759 448 frustrari
789 417 798 444 ε
839 398 951 462 quia
983 397 1379 461 quotiescumque
1400 404 1482 444 aut
1505 394 1646 443 dolor
1678 395 1846 460 capitis

425 481 577 539 irruit,
608 488 689 526 aut
708 487 924 541 tempora
956 474 1121 540 pulsus
1143 475 1350 540 impulit,
1376 484 1458 521 aut
1492 490 1630 521 aures
1654 474 1845 520 auditus

425 557 652 622 gravavit,
675 563 757 602 aut
780 553 1033 600 oculorum
1050 552 1201 599 aciem
1226 552 1376 616 caligo
1400 551 1615 610 suffudit,
1636 561 1718 598 aut
1743 551 1846 598 aliis

426 632 652 682 membris
690 630 831 677 dolor
862 629 1058 689 insedit,
1100 629 1258 676 statim
1291 639 1344 675 ut
1373 629 1535 676 locum
1570 629 1840 686 dolentem,

423 710 499 758 vel
523 708 707 756 tumulo
733 707 807 754 vel
837 707 944 753 velo
971 705 1213 771 pendente
1245 706 1394 771 attigi,
1423 707 1646 771 protinus
1673 707 1846 754 sanita·

424 798 520 835 tem
544 786 720 850 recepi,
748 786 924 832 mirans
947 784 1117 831 tacitus
1142 784 1190 829 in
1229 784 1332 848 ipso
1357 793 1486 831 tactu
1518 783 1739 831 dolorem
1773 801 1845 831 re·

425 867 621 914 cessisse
645 881 755 911 cum
778 880 937 910 cursu.

939 987 1096 1021 CAPUT
1122 987 1328 1022 PRIMUM.

856 1070 907 1103 De
926 1068 1051 1103 doloro
1071 1069 1227 1104 faucium
1247 1082 1415 1103 mearum.

488 1159 614 1218 Quid
638 1168 795 1206 autem
814 1174 967 1223 nuper
979 1157 1268 1222 pertulerim,
1285 1158 1493 1222 primum
1514 1158 1717 1206 inseram
1737 1158 1848 1206 huic

422 1237 583 1284 libello
609 1235 910 1283 miraculum.
929 1238 1055 1280 Dum
1076 1233 1137 1280 ad
1159 1235 1433 1281 convivium
1462 1234 1722 1283 residentes
1738 1247 1847 1302 post

417 1315 654 1379 jejunium
675 1314 943 1374 ederemuS,
970 1313 1110 1377 piscis
1136 1312 1337 1359 infertur
1360 1312 1410 1358 in
1435 1312 1614 1360 ferculo
1650 1331 1659 1358 ε
1699 1331 1845 1377 quem

422 1392 666 1439 dominica
687 1407 827 1438 cruce
861 1390 1099 1452 signatum
1136 1388 1254 1435 dum
1279 1388 1485 1450 edimus,
1516 1407 1612 1436 una
1641 1390 1759 1437 mihi
1788 1408 1844 1437 ex

422 1471 576 1517 aristis
606 1469 751 1534 ipsius
776 1468 915 1531 piscis
935 1467 1294 1530 injuriosissime
1323 1466 1519 1513 adhaesit
1551 1468 1599 1514 in
1635 1477 1839 1532 gutture.

422 1550 539 1605 Quae
585 1545 776 1593 dolores
814 1560 1129 1592 commovens
1162 1560 1326 1606 graves
1343 1581 1354 1603 ‚
1404 1531 1646 1592 incidebat
1689 1547 1846 1594 fauces

423 1626 661 1684 acumine,
682 1633 729 1671 et
752 1624 905 1689 ipsam
924 1623 1082 1686 gulam
1106 1622 1405 1685 longitudine
1431 1622 1687 1672 obserabat
1717 1641 1727 1669 ε
1755 1625 1844 1670 im-

424 1706 649 1772 pediebat
675 1706 806 1752 vocis
825 1705 1056 1763 sonitum,
1078 1714 1123 1751 at
1144 1721 1301 1768 neque
1325 1705 1481 1769 ipsum
1510 1705 1666 1753 salivae
1686 1706 1847 1769 liquo-

421 1801 544 1845 rem,
569 1784 651 1847 qui
669 1799 790 1848 saepe
814 1799 841 1829 a
863 1782 1023 1847 palato
1042 1782 1226 1844 defluit,
1254 1783 1451 1829 transire
1470 1783 1672 1830 sinebat.
1694 1785 1848 1832 Tertia

422 1873 582 1910 autem
604 1861 681 1908 die
705 1877 814 1908 cum
847 1876 1006 1924 neque
1038 1860 1257 1920 tussiens,
1287 1876 1444 1925 neque
1478 1877 1704 1908 excreans
1739 1878 1846 1909 eam

422 1943 632 1989 valerem
649 1939 1094 2005 projicere,recurri
1116 1939 1176 1997 ad
1197 1949 1310 1986 nota
1331 1940 1565 2004 praesidia.
1585 1941 1771 1989 Accedo
1786 1942 1847 1988 ad

423 2018 681 2076 tumulum,
705 2017 966 2081 provolvor
995 2017 1042 2062 in
1073 2017 1366 2081 pavimento,
1401 2017 1703 2081 profusisque
1736 2035 1846 2064 cum

425 2098 602 2161 gemitu
631 2096 877 2159 lacrymis,
906 2094 1133 2141 auxilium
1166 2094 1399 2159 deprecor
1429 2095 1728 2142 confessoris.
1758 2099 1847 2142 De-

423 2174 539 2221 hinc
567 2183 769 2231 erectus,
792 2172 917 2228 velo,
941 2170 1075 2235 quod
1101 2170 1422 2236 dependebat,
1460 2171 1637 2235 gulam,
1667 2172 1846 2220 fauces-

426 2268 520 2315 que
544 2260 591 2297 et
621 2250 857 2314 reliquum
898 2249 1065 2313 capitis
1093 2249 1241 2312 attigi.
1278 2251 1373 2295 Nec
1409 2265 1562 2306 mora,
1597 2251 1847 2298 sanitatem

425 2330 611 2395 recepi3
640 2339 687 2376 et
710 2329 990 2394 priusquam
1013 2327 1178 2374 limina
1201 2337 1362 2374 sancta
1382 2328 1649 2391 egrederer,
1666 2329 1847 2376 nullam

426 2407 749 2470 fatigationem
781 2405 922 2451 sensi.
946 2403 1086 2461 Quid·
1110 2414 1266 2450 tamen
1295 2404 1490 2451 aculeus
1526 2405 1679 2452 malus
1704 2405 1846 2452 deve-

426 2485 566 2543 nerit,
586 2484 774 2547 ignoro.
807 2485 911 2528 Non
936 2498 1047 2528 eum
1071 2482 1211 2545 rejeci
1236 2500 1320 2547 per
1344 2484 1597 2545 vomitum,
1624 2500 1723 2531 non
1756 2484 1849 2531 dis-

425 2562 617 2609 cessisse
637 2560 761 2607 sensi
783 2560 829 2606 in
862 2560 1041 2607 alvum.
1068 2563 1227 2607 Unum
1262 2570 1447 2608 tantum
1475 2563 1592 2622 scio,
1626 2562 1758 2626 quod
1785 2563 1847 2609 ita

428 2655 504 2686 me
528 2639 576 2685 in
599 2637 850 2688 velocitate
873 2638 995 2684 sensi
1016 2648 1254 2696 sanatum,
1285 2649 1334 2685 ut
1369 2650 1589 2704 putarem
1617 2640 1748 2704 quod
1773 2640 1846 2686 in·

421 2715 546 2779 jecta
564 2715 735 2779 aliquis
756 2731 920 2774 manu,
945 2715 1021 2762 illa
1047 2732 1152 2779 quae
1178 2716 1400 2778 injuriam
1434 2717 1651 2765 saucibus
1675 2716 1845 2763 intule-

428 2801 533 2839 rant
551 2790 835 2838 abstulisset.
