2028 3458
486 368 534 404 ns
709 365 772 401 m
804 348 1088 399 vmrurffl'ts
1118 359 1287 396 sANcrt
1316 357 1538 396 MARTm
1561 379 1613 385 —
1639 358 1670 398 1

486 456 654 521 pignus
683 452 798 499 illud
831 449 1075 496 meruisset
1109 446 1310 493 fideliter
1339 447 1559 492 osculari.
1590 449 1712 493 Ecce
1743 447 1890 510 quid,

484 541 661 587 sancte,
689 538 876 594 praestas
894 524 1110 571 fidelibus
1133 525 1214 587 qui
1232 534 1308 570 tua
1330 524 1504 570 moenia
1524 527 1776 587 expetunt¹
1794 526 1888 590 pie.

484 611 570 655 Per
588 617 633 653 te
654 606 907 661 salvantur,
933 602 1013 666 qui
1031 602 1231 665 pignora
1251 601 1406 647 votive
1428 600 1702 662 detulerint,
1720 610 1766 648 et
1783 602 1894 649 sub·

482 693 706 749 sequente
730 693 810 728 tuo
831 680 1023 737 auxilio,
1046 678 1324 725 liberantur.
1348 677 1444 725 Sed
1470 677 1568 725 haec
1590 679 1754 725 onmia
1777 678 1892 727 fides

479 773 669 810 strenua
695 767 935 824 operatur,
961 756 1148 805 dicente
1172 757 1382 804 Domino
1403 774 1416 804 ε
1438 755 1578 804 Fides
1603 768 1686 805 tua
1719 769 1765 805 te
1794 759 1891 805 sal-

480 857 583 890 vum
600 840 718 904 fecit
732 840 771 897 ²„

1024 980 1181 1016 CAPUT
1206 980 1344 1017 XXIX.

639 1084 690 1118 De
706 1082 915 1118 Chariberto
931 1093 1025 1128 rege,
1041 1081 1102 1128 qui
1122 1094 1177 1116 res
1191 1081 1439 1116 ecclesiasticas
1454 1082 1606 1130 pervasit
1617 1082 1648 1119 ⁸.

539 1192 736 1240 Videtur
757 1207 846 1238 nec
867 1189 986 1237 illud
1005 1190 1148 1251 sileri,
1176 1189 1379 1254 qualiter
1400 1191 1473 1238 vir
1488 1190 1657 1239 beatus
1673 1193 1890 1257 praesidia

475 1271 658 1319 famulis
674 1270 735 1317 ad
756 1287 829 1316 rcs
849 1286 955 1316 suas
977 1267 1303 1316 defendendas
1324 1285 1516 1334 quaqua
1537 1269 1674 1333 jubet
1688 1287 1890 1318 -accom-

474 1349 651 1396 modet.
675 1347 980 1396 Charibertus
997 1364 1095 1407 rex,
1117 1363 1246 1407 cum,
1267 1347 1423 1395 exosis
1443 1346 1644 1408 clericis,
1672 1348 1890 1396 ecclesias

470 1427 557 1474 Dei
595 1426 876 1490 negligeret,
906 1425 1236 1490 despectisque
1272 1425 1628 1487 sacerdotibus,
1660 1427 1808 1489 magis
1841 1429 1890 1474 in

470 1505 702 1552 luxuriam
728 1504 1024 1564 declinasset,
1046 1505 1281 1567 ingestum
1299 1514 1368 1551 est
1390 1504 1493 1567 ejus
1513 1505 1709 1551 auribus
1729 1504 1890 1553 locum

471 1583 745 1647 quemdam,
762 1600 905 1647 quem
920 1582 1114 1630 basilica
1132 1584 1292 1630 Sancti
1313 1584 1501 1630 Martini
1518 1584 1747 1631 diuturno
1771 1594 1889 1631 tem-

471 1677 582 1725 pore
599 1661 846 1720 retinebat,
870 1660 970 1708 fisci
990 1662 1062 1707 sui
1081 1661 1270 1724 juribus
1294 1660 1555 1708 redhiberi.
1579 1664 1708 1708 Loco
1728 1672 1888 1709 autem

467 1737 533 1784 illi
572 1738 816 1786 Navicellis
847 1755 1025 1786 nomen
1063 1739 1221 1804 prisca
1256 1748 1464 1785 vetustas
1498 1739 1754 1786 indiderat.
1794 1742 1888 1799 Qui

468 1825 662 1880 accepto
691 1817 858 1880 iniquo
892 1816 1117 1877 consilio,
1150 1832 1328 1881 pueros
1361 1816 1590 1863 velociter
1625 1817 1780 1878 misit,
1806 1819 1889 1882 qui

470 1894 691 1941 reiculam
715 1895 846 1942 illam
870 1896 917 1942 in
943 1911 1031 1942 suo
1065 1894 1283 1942 dominio
1306 1894 1633 1958 subjugarent.
1670 1898 1889 1960 Cumque

470 1970 568 2018 haec
589 1982 716 2019 recte
751 1988 849 2019 non
873 1972 1136 2036 possidens,
1162 1971 1406 2019 videretur
1442 1970 1621 2018 habere
1639 2008 1651 2032 ,
1676 1972 1815 2036 jussit
1839 1974 1888 2020 in

470 2047 630 2095 locum
664 2049 796 2096 illum
831 2049 1115 2097 stabularios
1138 2066 1252 2096 cum
1274 2048 1516 2113 equitibus
1540 2048 1697 2113 dirigi,
1727 2049 1890 2114 ibique

471 2125 571 2173 sine
593 2127 822 2189 aequitatis
845 2127 1015 2174 ordine
1048 2122 1272 2197 praecepit
1299 2144 1450 2191 equos
1478 2127 1557 2173 ali.
1597 2127 1889 2175 Accedentes

471 2218 584 2265 ergo
610 2203 745 2267 pueri
772 2203 930 2251 senum
955 2204 1092 2268 quod⁴
1111 2213 1446 2251 coacervatum
1470 2204 1622 2251 fuerat
1645 2205 1890 2270 accipiunt

472 2279 521 2325 in
560 2295 794 2342 equorum
831 2297 1073 2345 expensas.
1115 2284 1332 2345 Cumque
1370 2281 1639 2345 injunctum
1678 2282 1889 2331 studiose

472 2365 687 2418 ageretur
724 2357 981 2414 servitium,
1019 2367 1160 2422 atque
1198 2359 1379 2422 equites
1410 2359 1683 2423 appositum
1723 2359 1888 2408 fenum

471 2434 725 2497 coepissent
742 2435 1026 2499 expendere,
1048 2436 1375 2501 corripiuntur
1390 2453 1419 2484 a
1434 2436 1583 2484 rabie.
1606 2441 1662 2483 Et
1681 2437 1887 2486 fremen-

473 2518 541 2556 tes
571 2510 632 2556 ad
663 2511 884 2569 invicem,
910 2512 1134 2577 disruptis
1155 2513 1287 2574 loris,
1314 2530 1400 2579 per
1423 2513 1566 2578 plana
1603 2515 1882 2579 prosiliunt,

472 2595 519 2633 et
541 2587 590 2633 in
613 2587 772 2650 fugam
794 2599 1065 2649 vertuntur;
1090 2600 1137 2638 ct
1157 2591 1224 2639 sic
1246 2592 1370 2639 male
1393 2591 1612 2657 dispersi,
1638 2593 1717 2641 alii
1738 2610 1885 2642 excae·

522 2774 688 2822 (1),Mss.
710 2773 789 2811 sere
808 2787 956 2822 omnes,
972 2753 1142 2826 proprie.
1167 2777 1247 2831 (R.)
1266 2802 1319 2809 —
1337 2782 1391 2828 (2)
1411 2782 1491 2818 Luc
1510 2794 1606 2819 xvui
1620 2811 1630 2827 ‚
1653 2784 1718 2821 ΔΞ.

525 2844 580 2889 (3)
597 2842 743 2891 Cl.-F.,
764 2845 883 2894 5334,
901 2857 986 2896 sup.
1004 2847 1096 2894 243,
1117 2851 1183 2896 qui
1202 2851 1328 2887 villam
1347 2852 1495 2888 invasit.
