2028 3458
450 242 526 279 360
814 237 880 272 DE
909 235 1095 271 GLORIA
1124 234 1493 272 CONFESSORUM.

449 328 587 376 teriit.
613 325 783 382 Velim,
814 340 843 369 o
867 323 1074 386 sonipes,
1102 323 1139 368 si
1161 321 1243 368 tibi
1272 339 1325 368 os
1343 323 1597 382 Dominus,
1626 322 1693 368 uti
1714 339 1866 386 quon-

449 405 561 452 dam
580 402 687 449 secit
712 401 869 457 asinae,
893 409 1140 458 reseraret,
1170 399 1350 446 diceres
1375 399 1489 462 quid
1513 399 1668 445 vidisti
1689 409 1867 465 specta-

447 482 561 540 bile,
584 490 749 527 utnon
767 477 1035 535 incederes;
1055 477 1171 541 quid
1189 476 1409 536 amabile,
1428 487 1481 523 ut
1497 478 1670 524 ostium
1689 449 1866 524 cellulae

447 556 859 621 contemplareris;
879 554 995 618 quid
1009 554 1326 616 formidabile,
1346 564 1398 600 ut
1413 571 1711 602 ascensorem
1731 571 1867 602 orare

448 634 772 699 compelleres.
806 636 987 698 Nempe
1010 631 1176 679 altiore
1207 648 1324 678 voce
1347 632 1574 679 clamares
1599 634 1710 697 quia
1735 633 1869 680 clari-

446 722 592 759 tatem
615 712 802 758 Martini
825 726 1023 758 cernens
1046 726 1238 757 movere
1263 727 1362 756 non
1388 727 1438 756 es
1461 726 1618 771 ausus,
1643 711 1734 757 nisi
1758 720 1869 757 tuus

448 806 701 837 occursum
721 788 937 838 debitum
963 798 1263 853 praeponeret
1286 787 1530 835 dominus.

1034 996 1191 1031 CAPUT
1224 995 1290 1031 IX.

951 1120 1002 1153 De
1018 1119 1097 1153 oleo
1118 1119 1270 1166 sepulcri
1286 1120 1375 1166 ejus.

521 1259 751 1306 Aredius¹
795 1269 955 1306 autem
1008 1259 1254 1324 presbyter
1294 1276 1350 1306 ex
1391 1259 1754 1318 Lemovieino',
1803 1259 1874 1305 vir

455 1353 654 1384 summae
691 1337 920 1383 bonitatis
961 1353 1015 1383 ac
1056 1338 1332 1394 sanctitatis,
1372 1336 1581 1400 quadam
1616 1336 1717 1382 vice
1758 1336 1875 1383 dum

456 1431 646 1461 mecum
678 1414 904 1460 resideret
936 1414 983 1460 iu
1016 1414 1212 1473 cellula,
1252 1413 1478 1462 sollicitus
1522 1431 1622 1460 esse
1655 1414 1803 1477 coepi,
1839 1414 1876 1460 si

456 1492 613 1555 aliqua
638 1492 687 1537 in
712 1492 922 1538 oratorio
943 1491 1169 1538 miracula
1195 1490 1278 1537 ubi
1303 1491 1525 1555 reliquias
1550 1491 1676 1538 beati
1696 1491 1879 1537 antisti-

457 1569 516 1615 tis
540 1568 859 1615 collocaverat
887 1568 1270 1615 ostenderentur.
1304 1569 1399 1626 Qui
1434 1569 1499 1615 ita
1533 1567 1718 1628 retulit,
1744 1568 1877 1632 quod

456 1656 674 1711 tempore
696 1662 793 1710 quo
815 1645 982 1693 beatus
1010 1646 1264 1694 Eufronius
1286 1656 1388 1693 erat
1408 1646 1680 1712 episcopus,
1707 1646 1767 1692 ad
1786 1649 1879 1692 Tu-

456 1724 671 1771 ronicam
691 1722 861 1770 urbem
885 1724 1032 1784 venit,
1052 1723 1100 1770 in
1127 1739 1225 1788 qua
1240 1724 1323 1771 diu
1347 1734 1672 1771 commoratus
1688 1723 1879 1788 plenam

458 1802 769 1866 ampullulam
794 1801 887 1849 olei
910 1801 969 1848 de
995 1802 1216 1867 sepulcro
1241 1804 1391 1850 sancti
1418 1799 1640 1849 antistitis
1665 1801 1876 1849 abstulit.

459 1882 807 1944 Regressusque
845 1878 908 1926 ad
942 1879 1169 1940 domum,
1213 1879 1330 1926 dum
1366 1880 1585 1943 fatigatus
1620 1896 1675 1926 ex
1711 1880 1880 1926 itinere

461 1957 704 2016 resideret,
740 1966 786 2003 et
819 1957 905 2019 viae
933 1956 1124 2004 labores
1155 1958 1294 2003 matri
1328 1957 1542 2016 referret,
1573 1956 1732 2003 subito
1773 1956 1881 2003 ficta

460 2035 724 2099 percutitur
753 2044 851 2080 tam
880 2035 1106 2097 graviter,
1143 2044 1192 2080 ut
1224 2051 1312 2081 nec
1348 2034 1611 2080 anhelitum
1643 2050 1881 2080 resumere

462 2121 638 2176 posset.
682 2114 949 2159 Conversus
988 2128 1104 2158 vero
1138 2111 1200 2158 ad
1240 2112 1502 2159 oratorium
1536 2112 1584 2157 in
1620 2128 1718 2175 quo
1757 2111 1881 2157 beati

462 2190 681 2236 antistitis
716 2190 924 2254 reliquiae
955 2190 1257 2250 tenebantur,
1293 2188 1594 2253 deductaque
1626 2189 1675 2235 in
1712 2189 1883 2252 vigiliis

462 2277 622 2327 nocte,
651 2283 791 2314 mane
815 2267 874 2314 de
897 2267 1004 2315 oleo
1025 2268 1156 2331 quod
1177 2266 1415 2327 attulerat,
1436 2266 1598 2314 locum
1624 2266 1884 2314 infirmita-

461 2346 520 2393 tis
554 2346 775 2406 inunxit,
818 2346 1079 2409 sedatoque
1118 2345 1287 2393 dolore
1322 2345 1582 2392 convaluit.
1633 2349 1744 2392 Post
1782 2345 1883 2393 haec

462 2423 658 2487 quidam
685 2439 882 2470 manum
914 2424 1128 2471 inflatam
1151 2422 1212 2470 ab
1237 2423 1372 2487 spina
1397 2440 1669 2488 percussam
1692 2423 1878 2483 detulit,

463 2519 568 2566 quae
598 2502 817 2567 protinus
851 2512 904 2548 ut
943 2501 1003 2549 de
1042 2502 1150 2549 oleo
1188 2500 1402 2548 delibuta
1439 2511 1525 2563 est,
1568 2502 1884 2549 incolumitati

516 2684 572 2738 (1)
591 2687 750 2723 Aridius
773 2687 893 2732 2204,
916 2688 1036 2734 2205,
1057 2688 1175 2725 5329.

517 2754 572 2799 (2)
592 2753 850 2798 LemovIcinc'o,
873 2754 993 2791 2791.
