2028 3458
463 225 540 262 386
825 225 891 261 DE
921 223 1110 261 GLORIA
1138 223 1512 266 CONFESSORUM.

463 314 748 377 accessitque
765 312 824 360 ad
842 313 1019 361 locum.
1047 315 1168 359 Fusa
1187 328 1301 360 vero
1324 314 1559 374 oratione,
1583 313 1794 360 accensis
1809 330 1880 360 ce·

460 392 567 451 reis,
596 406 837 454 manuque
862 389 1058 454 propria
1082 405 1166 454 per
1187 398 1337 436 totam
1356 400 1547 437 noctem
1566 390 1788 447 detentis,
1811 391 1880 437 vi-

461 470 590 534 gilias
615 467 885 515 celebravit.
917 470 1038 514 Dato
1067 467 1207 530 igitur
1231 483 1372 515 mane
1394 467 1564 515 redivit
1582 468 1644 516 ad
1667 468 1878 533 propria,

461 564 548 594 nec
571 546 695 593 ultra
714 545 772 593 ab
799 545 892 592 hoc
912 544 1084 592 morbo
1105 544 1407 607 frigoritionis
1439 545 1513 592 vel
1542 545 1882 593 confractionis

460 626 602 673 ullius
623 624 815 689 pertulit
835 623 1127 687 gravitatem.

1021 794 1179 830 CAPUT
1203 794 1327 832 XXII.

979 896 1031 930 De
1050 894 1208 930 Maximo
1224 895 1362 930 abbate.

524 1014 631 1061 Fuit
669 1023 826 1061 autem
861 1013 1059 1078 quidam
1082 1014 1344 1078 religiosus,
1377 1024 1423 1062 et
1448 1014 1703 1063 virtutibus
1724 1025 1770 1063 et
1794 1032 1882 1062 no-

459 1092 588 1139 mine
618 1092 866 1153 Maximus,
900 1102 968 1153 et,
1003 1102 1055 1139 ut
1086 1092 1207 1140 liber
1240 1094 1356 1140 Vitae
1394 1093 1495 1156 ejus
1530 1093 1694 1152 docet,
1736 1110 1879 1158 quam

456 1188 594 1218 versu
623 1171 944 1235 conscriptam
977 1170 1197 1234 legimus,
1228 1171 1380 1218 nostri
1410 1171 1496 1218 suit
1523 1171 1711 1218 Martini
1742 1171 1881 1218 disci-

458 1249 614 1314 pulus.
642 1249 736 1307 Qui
760 1248 976 1296 occulere
999 1249 1133 1312 quod
1156 1259 1256 1296 erat
1278 1250 1495 1314 cupiens,
1518 1248 1647 1314 apud
1676 1249 1881 1296 Insulam

457 1328 713 1375 Barbaram
748 1327 1025 1373 monasterii
1061 1327 1393 1391 Lugdunensis
1423 1327 1712 1392 peregrinari
1741 1343 1879 1391 expe-

456 1406 529 1452 tiit
550 1424 560 1452 :
587 1404 911 1452 manifestatus
933 1414 1092 1450 autem
1113 1414 1160 1451 et
1181 1404 1266 1461 ibi,
1293 1404 1355 1451 ad
1377 1405 1581 1469 patriam
1605 1403 1759 1451 redire
1783 1404 1880 1451 dis-

456 1482 632 1548 posuit.
657 1478 874 1544 Denitjue
891 1480 1008 1528 dum
1029 1481 1213 1528 Ararim
1233 1481 1432 1527 fluvium
1450 1481 1650 1528 transire
1666 1490 1877 1545 cuperet,

455 1575 577 1608 nave
600 1558 796 1624 impleta
819 1559 1125 1622 demergitur,
1147 1575 1202 1606 ac
1218 1559 1318 1624 ipse
1340 1558 1562 1606 sacerdos
1584 1558 1751 1623 pelago
1773 1575 1881 1624 ope-

456 1639 593 1699 ritur,
615 1637 798 1685 habens
821 1636 880 1685 ad
908 1636 1088 1684 collum
1110 1653 1222 1684 cum
1243 1636 1608 1701 Evangeliorum
1638 1636 1761 1684 libro
1788 1638 1879 1685 mi-

457 1716 703 1763 nisterium
726 1715 1082 1780 quotidianum,
1102 1714 1151 1762 id
1171 1725 1240 1762 est
1261 1714 1535 1780 patenulam
1555 1731 1754 1780 parvam
1770 1732 1880 1762 curn

457 1794 619 1842 calice,
655 1794 748 1841 Sed
778 1795 928 1858 pietas
962 1793 1125 1841 divina
1155 1811 1254 1841 non
1287 1793 1529 1859 perferens
1562 1795 1717 1859 perire
1749 1794 1880 1859 quod

458 1888 600 1918 suum
623 1880 711 1932 est,
737 1871 803 1918 ita
821 1870 880 1917 de
900 1870 995 1918 hoc
1017 1871 1227 1936 periculo
1248 1871 1460 1918 Domino
1478 1870 1677 1935 jubente
1699 1872 1883 1918 restitu-

459 1958 534 1996 tus
560 1959 626 1996 est
647 1940 811 2008 littori,
840 1957 893 1995 ut
908 1965 997 1996 nec
1017 1948 1321 1997 vitaedamna
1345 1949 1592 2015 perferret,
1612 1966 1701 1997 nec
1722 1966 1881 1997 rerum

461 2027 747 2094 detrimenta
771 2027 972 2090 lugeret.
1001 2027 1349 2092 lmpletumque
1374 2037 1445 2075 est
1462 2027 1580 2074 illud
1598 2027 1730 2092 quod
1756 2027 1882 2074 Psal-

461 2104 753 2170 mographus
765 2105 937 2169 Spiritu
956 2115 1121 2152 sancto
1135 2105 1365 2153 influente
1378 2106 1606 2152 cantavit:
1627 2107 1745 2152 Cum
1763 2107 1882 2152 ceci-

461 2181 588 2229 derit
595 2182 758 2247 justas
780 2199 876 2229 non
899 2182 1164 2245 collidetur,
1191 2184 1303 2248 quia
1328 2184 1561 2229 Dominus
1585 2184 1757 2248 firmat
1779 2200 1884 2228 ma-

465 2277 553 2307 nus
584 2260 702 2325 ejus.
739 2263 796 2307 Et
827 2260 1027 2307 iterum:
1057 2265 1168 2309 Non
1199 2260 1381 2307 necabit
1404 2261 1640 2307 Dominus
1669 2261 1882 2306 animam

452 2342 582 2408 justi
593 2345 622 2389 ¹.
663 2343 846 2390 Deinde
887 2343 949 2390 ad
983 2353 1190 2391 castrum
1225 2344 1526 2391 Cainonense
1566 2343 1698 2390 urbis
1732 2346 1882 2390 Turo-

463 2420 581 2468 nicae
604 2420 818 2481 veniens,
840 2422 1180 2468 monasterium
1210 2420 1463 2468 collocavit
1484 2437 1495 2468 :
1522 2421 1654 2485 quod
1675 2432 1883 2469 castrum

463 2514 573 2545 cum
598 2497 658 2544 ab
681 2498 870 2560 AEgidio
890 2498 1205 2559 obsideretur,
1228 2508 1274 2546 et
1297 2498 1503 2564 populus
1521 2499 1630 2564 pagi
1653 2499 1776 2546 illius
1794 2499 1884 2546 ibi-

464 2576 575 2623 dem
600 2585 719 2623 esset
754 2575 988 2637 inclusus,
1015 2576 1166 2623 hostis
1189 2576 1415 2623 adversus
1443 2576 1669 2624 effossum
1693 2594 1719 2625 a
1739 2577 1883 2624 latere

519 2741 574 2788 (¹)
592 2741 699 2778 Psal.
716 2752 851 2786 xxxvi,
871 2741 921 2777 24
941 2748 978 2778 et
996 2742 1104 2779 Prnv.
1125 2753 1165 2789 x,
1185 2743 1219 2779 3.
