2028 3458
320 280 395 317 170
531 280 597 316 DE
627 277 918 315 VIRTUTIBUS
949 276 1119 313 SANCTI
1148 276 1371 312 MARTINI.
1398 296 1447 302 —
1472 277 1521 314 ΙΙ.

318 367 596 425 restituitur,
614 383 702 413 nec
716 365 911 411 ulterius
928 363 1122 428 pertulit
1145 362 1205 409 de
1225 363 1361 409 malis
1385 362 1738 410 infirmitatibus

319 445 612 507 gravitatem.

874 563 1031 610 CAPUT
1057 575 1189 609 XLVI.

844 660 896 692 De
913 656 1041 693 claudo
1060 657 1195 693 directo
1202 685 1209 692 .

385 754 618 800 Puerulus
643 753 860 816 quidam,
893 753 1152 801 Leodulsus
1171 754 1386 814 nomine,
1407 753 1530 818 pede
1550 754 1741 800 sinistro

320 831 506 890 debilis,
534 830 652 877 dum
674 848 784 878 cum
811 830 1005 895 reliquis
1041 830 1315 896 petentibus
1340 830 1579 895 stipendia
1614 847 1742 894 quae-

319 910 471 957 rendo
503 909 751 970 circuiret,
778 910 982 956 Turonis
1011 908 1221 956 advenit.
1255 911 1313 955 Et
1342 925 1454 955 cum
1483 924 1744 972 parumper

321 995 550 1046 moratus,
574 988 662 1034 iter
685 986 820 1051 quod
842 1003 981 1051 agere
1001 997 1210 1053 coeperat
1233 996 1436 1033 conatur
1455 986 1663 1050 explere.
1687 988 1744 1032 Et

320 1080 597 1128 progressus
621 1063 941 1112 claudicando
980 1081 1092 1111 cum
1125 1063 1422 1121 satellitibus,
1463 1062 1652 1109 decimo
1684 1062 1744 1109 ab

321 1140 440 1187 urbe
462 1141 684 1188 milliario
707 1142 754 1188 vi
792 1141 974 1189 doloris
1005 1142 1312 1207 opprimitur.
1345 1140 1549 1187 Relictus
1577 1157 1693 1186 vero
1719 1156 1746 1185 a

321 1218 480 1277 sociiS,
500 1220 629 1266 solus
655 1236 799 1284 super
820 1220 975 1285 ripam
999 1220 1120 1267 alvei
1143 1219 1367 1284 ejulabat,
1390 1218 1549 1265 multis
1571 1218 1630 1264 ad
1658 1217 1745 1263 fes-

323 1295 552 1343 tivitatem
564 1297 967 1344 concurrentibus
983 1297 1306 1362 proclamans,
1326 1307 1374 1343 et
1398 1296 1563 1342 dicens
1587 1313 1595 1341 :
1628 1316 1649 1337 «
1669 1298 1746 1340 Vae

323 1372 440 1418 mihi
472 1374 585 1438 quia
617 1374 970 1422 solemnitatem
1004 1375 1198 1438 gloriosi
1229 1375 1318 1421 viri
1354 1382 1567 1438 spectare
1591 1372 1743 1428 nolui,

323 1448 433 1496 ideo
457 1466 532 1497 me
552 1451 701 1498 virtus
723 1452 825 1515 ejus
848 1452 1129 1510 allidit.Qua
1152 1451 1213 1499 de
1232 1468 1281 1498 re
1303 1467 1421 1514 rogo
1442 1466 1546 1508 vos,
1570 1449 1746 1495 fidelis-

322 1527 429 1574 simi
451 1528 714 1591 christiani,
739 1531 822 1594 qui
848 1533 1003 1578 Deum
1025 1531 1216 1587 timetis,
1246 1529 1498 1576 subvenite
1520 1529 1745 1591 ignoran-

323 1605 396 1651 tiae
431 1623 563 1667 meae,
599 1607 849 1655 subvenite
881 1625 1110 1674 oppresso
1142 1618 1189 1656 et
1219 1607 1398 1665 debili;
1437 1617 1500 1667 et,
1537 1607 1574 1653 si
1605 1606 1749 1651 timor

323 1683 409 1728 Dei
433 1694 611 1743 manet,
637 1702 715 1732 me
738 1703 891 1750 usque
913 1686 976 1733 ad
999 1695 1219 1733 sanctum
1243 1684 1407 1732 locum
1431 1683 1700 1747 deportate.
1723 1700 1747 1724 »

325 1760 468 1822 Igitur
499 1778 610 1808 cum
642 1764 743 1810 haec
774 1781 802 1811 a
835 1764 996 1811 multis
1031 1761 1425 1829 praetereuntibus
1449 1761 1745 1826 imploraret,

323 1838 519 1901 quidam
542 1840 755 1904 plaustro
780 1858 869 1889 suo
889 1842 1246 1907 superpositum
1271 1857 1422 1904 usque
1455 1839 1513 1885 ad
1535 1848 1749 1885 sanctam

324 1914 568 1963 basilicam
591 1917 741 1965 duxit.
756 1918 848 1965 Ubi
868 1919 1139 1966 triduanam
1154 1918 1424 1965 orationem
1442 1916 1745 1972 continuans,

325 1991 651 2056 redintegratis
674 1994 896 2059 pedibus,
921 1995 1174 2041 incolumis
1198 1993 1440 2040 abscessit.

875 2162 1032 2198 CAPUT
1056 2162 1207 2196 XLVII.

707 2254 759 2288 De
778 2262 976 2297 contracto,
991 2265 1097 2299 quem
1116 2253 1182 2286 bos
1198 2251 1374 2286 trahebat.

393 2359 504 2403 Erat
521 2356 720 2421 quidam
737 2367 1029 2415 contractus,
1057 2356 1136 2420 qui
1161 2356 1209 2402 in
1228 2353 1627 2402 similititudinem
1650 2368 1752 2398 ere-

328 2433 452 2480 mitae
476 2434 553 2480 cui
584 2433 673 2480 bos
696 2434 945 2499 quondam
983 2434 1207 2480 solatium
1241 2433 1350 2492 fuit,
1387 2432 1565 2479 bovem
1600 2446 1752 2477 unum

326 2510 553 2559 habebat.
599 2515 709 2570 Quo
744 2512 871 2559 bove
908 2511 1123 2577 plaustro
1159 2515 1422 2574 conjuncto
1462 2527 1546 2575 per
1578 2509 1753 2556 domos

327 2588 623 2651 trahebatur,
651 2591 821 2655 stipem
845 2589 1094 2654 postulans
1126 2589 1432 2636 devotorum.
1465 2588 1609 2652 Igitur
1642 2601 1751 2633 cum

329 2666 610 2714 imminente
651 2666 900 2713 festivitate
936 2664 1180 2731 pontificis
1212 2665 1415 2713 Turonis
1454 2662 1750 2718 advenisset,

328 2750 591 2809 prostratus
614 2758 776 2789 coram
802 2741 1042 2807 sepulcro,
1058 2750 1103 2787 et
1122 2740 1328 2787 orationi
1351 2737 1652 2793 incumbens,
1674 2734 1753 2781 (le-
