2028 3458
436 242 513 278 296
624 240 689 276 DE
717 238 1008 277 VIRTUTIBUS
1036 237 1208 274 SANCTI
1238 237 1460 274 MARTINI.
1485 256 1534 262 —
1558 236 1621 272 lV.

437 326 664 373 tenebant
686 324 933 371 hominem
958 323 1207 370 confractae
1234 332 1362 384 sunt,
1388 322 1551 370 laxatae
1572 338 1685 368 vero
1705 321 1852 368 corri-

438 405 520 466 giae
537 402 597 449 de
617 400 839 449 manibus
854 399 1121 446 solvuntur.
1144 402 1249 464 lpse
1270 409 1432 447 autem
1449 399 1656 447 liberum
1679 416 1729 446 se
1747 415 1854 445 sen-

437 482 574 537 tiens,
600 476 1000 527 decumbentibus
1029 476 1188 524 adhue
1210 477 1314 524 solo
1338 475 1640 535 hominibus,
1667 476 1855 523 secessit

437 558 498 605 ab
519 559 603 618 eis,
628 567 675 604 et
702 565 875 603 sanctae
896 554 1104 602 ecclesiae
1125 554 1271 601 limen
1308 555 1544 618 ingressus
1573 564 1661 614 est,
1694 554 1856 616 sicque

437 652 466 683 a
482 635 644 699 judice
667 633 919 681 relaxatur.
944 625 1175 679 Fer-ebant
1198 632 1326 678 enim
1350 631 1571 678 nonnulli
1593 631 1668 677 his
1687 630 1857 678 diebus

439 721 487 759 et
508 711 638 777 apud
661 711 989 759 Pictavensem
1015 708 1183 756 urbem
1206 710 1391 756 vinctos
1413 708 1474 756 ab
1493 709 1730 773 ergastulo
1754 724 1856 755 cat·-

440 789 582 837 cerali
607 789 748 836 fuisse
771 788 1023 835 resolutos.
1051 787 1193 845 Quod
1219 786 1396 851 ambigi
1421 803 1520 833 non
1545 795 1717 850 potest,
1745 786 1858 849 quia

441 867 581 914 unius
601 866 884 914 confessoris
905 866 1054 912 virtus
1077 874 1327 929 utramque
1346 863 1517 911 urbem
1540 863 1683 910 sacris
1706 864 1860 927 potuit

442 944 672 992 illustrare
697 943 951 991 miraculis.

1003 1100 1157 1135 CAPUT
1183 1100 1303 1134 XVII.

995 1199 1046 1232 De
1064 1210 1177 1245 puero
1192 1210 1297 1232 caecO.

443 1337 445 1341 y
515 1284 745 1331 Puerulus
778 1283 1019 1347 parvulus,
1052 1283 1250 1329 nomine
1284 1280 1664 1341 Leudovaldus',
1702 1298 1865 1328 servus

447 1361 695 1425 cujusdam
731 1359 1004 1417 Baudeleifi,
1029 1359 1090 1405 de
1114 1359 1221 1405 vico
1258 1358 1607 1422 Andegavensi,
1637 1359 1715 1405 cui
1750 1361 1866 1404 Cro-

449 1439 527 1486 vio
549 1440 564 1463 ¹
581 1438 838 1502 antiquitas
859 1453 1037 1484 nomen
1074 1436 1270 1495 indidit3
1306 1445 1560 1500 postquam
1588 1446 1780 1482 renatus
1811 1452 1866 1481 ex

447 1532 573 1579 aqua
594 1526 642 1563 et
666 1516 843 1580 Spiritu
865 1524 1030 1562 sancto
1062 1530 1173 1561 cum
1196 1514 1388 1577 reliquis
1415 1513 1677 1560 infantibus
1699 1512 1868 1560 ludum

451 1594 498 1639 in
524 1593 682 1657 platea
715 1608 965 1652 exercens,
993 1601 1046 1638 ut
1070 1600 1179 1638 aetas
1207 1590 1287 1637 illa
1308 1591 1509 1655 patitur,
1535 1590 1634 1637 huc
1659 1589 1867 1654 illucque

450 1670 761 1730 discurreret,
783 1669 943 1716 subito
966 1677 1239 1715 commotus
1268 1684 1380 1714 cum
1403 1667 1585 1732 impetu
1608 1676 1796 1727 ventus,
1822 1676 1869 1713 et

451 1746 697 1812 pulverem
719 1745 934 1804 elevanS,
966 1745 1133 1793 oculos
1164 1744 1356 1791 infantis
1386 1745 1615 1809 implevit.
1643 1745 1736 1802 Qui
1759 1761 1869 1791 cum

452 1840 480 1871 a
501 1824 709 1871 caecitate
740 1840 994 1889 percussus
1024 1822 1276 1870 doloribus
1308 1823 1617 1879 cruciaretur,
1651 1823 1873 1887 apparuit

452 1901 569 1949 aviae
597 1901 698 1965 ejus
731 1901 804 1948 vir
828 1900 1028 1966 quidam
1061 1917 1148 1964 per
1179 1900 1442 1959 somnium,
1476 1899 1631 1946 taliter
1665 1916 1769 1946 eam
1799 1900 1871 1945 in-

453 1988 641 2027 struens
667 1997 678 2025 :
709 2000 731 2021 α
762 1978 909 2039 Vade,
935 1978 1107 2041 inquit,
1135 1976 1196 2024 ad
1219 1977 1462 2025 basilicam
1484 1977 1632 2024 sancti
1657 1977 1868 2036 Martini,

453 2066 502 2103 et
524 2057 719 2122 recipiet
736 2057 891 2103 visum
913 2072 1032 2120 puer
1054 2055 1157 2102 iste.
1189 2074 1212 2098 υ
1240 2057 1336 2101 Nec
1359 2063 1542 2101 morata
1565 2053 1752 2112 mulier,
1778 2053 1872 2099 fide

455 2134 598 2197 plena
620 2135 749 2181 venit
770 2133 833 2181 ad
856 2132 1155 2180 festivitatem
1185 2131 1310 2179 beati
1340 2131 1446 2190 viri,
1478 2131 1751 2195 recepitque
1774 2130 1875 2177 illu-

456 2211 691 2258 minatum
718 2212 887 2258 virtute
910 2208 1150 2275 pontificis
1171 2218 1394 2273 nepotem
1418 2225 1578 2255 suum.

506 2407 561 2454 (1)
579 2403 687 2444 colb.
710 2412 782 2442 tut.
808 2412 845 2442 et
863 2404 981 2450 Clar.‚
999 2404 1280 2441 Leodowaldus.
1305 2402 1420 2449 Editi,
1442 2403 1717 2441 Lcmlonaldus.
1741 2403 1819 2449 (R.)
1836 2424 1875 2430 -·-

453 2470 557 2507 2204
578 2469 804 2507 Lcdvaldus.

507 2532 562 2578 (Ξ)
579 2530 640 2570 Sic
661 2543 794 2574 omncs
817 2543 907 2568 mss.
934 2529 1030 2567 Editi
1050 2541 1155 2575 vcro,
1180 2530 1327 2567 Crmzin.
1354 2530 1432 2575 (R.)
