2028 3458
391 323 466 360 1222
766 317 827 352 DE
856 314 1044 352 GLORIA
1072 311 1426 350 CONFESSORUM
1434 341 1442 350 .

388 411 434 456 in
460 409 640 455 visione
664 406 1036 466 interrogantem
1065 416 1169 459 me3
1199 400 1238 446 si
1261 398 1439 445 librum
1459 398 1617 445 Tobiae
1644 398 1811 460 cogni-

390 494 490 530 tum
529 497 657 528 nunc
700 478 943 525 haberem.
984 462 1253 540 flespondi,
1299 473 1431 537 quod
1462 490 1560 520 non
1593 472 1807 537 legerim.

388 562 479 621 Qui
504 561 567 608 ait
594 578 602 605 :
634 578 656 603 α
683 557 879 605 Noveris
915 554 1046 602 hunc
1070 554 1211 600 fuisse
1236 568 1443 610 caecum,
1482 551 1617 616 cujus
1658 550 1808 611 filius,

387 638 556 704 angelo
580 636 754 685 comite
777 635 894 682 dum
916 634 1006 680 iter
1028 641 1204 696 ageret,
1234 635 1282 677 in
1307 630 1505 677 flumine
1533 632 1711 695 piscem
1734 646 1812 676 ce-

388 718 478 782 pit,
507 716 658 780 cujus,
688 713 844 760 indice
863 712 1052 776 angelo,
1081 727 1164 757 cor
1181 710 1413 773 jecurque
1436 707 1704 767 sustollenS‚
1732 724 1814 772 pa-

389 796 470 842 tris
508 793 796 856 subfumigat
830 791 1021 848 oculos,
1061 788 1145 853 qui
1192 787 1352 835 statim
1390 786 1578 849 fugatis,
1606 785 1814 832 tenebris

390 874 548 920 lumen
573 871 767 935 recepit.
795 868 927 916 Vade
943 868 1086 931 igitur
1110 876 1177 923 tu,
1205 874 1251 913 et
1275 865 1347 912 fac
1370 863 1601 922 similiter,
1628 872 1676 909 et
1696 863 1818 909 acci·

389 954 487 1017 piet
528 949 819 1013 refrigerium
856 946 1083 993 dolorum
1114 944 1304 1008 genitor
1332 951 1456 988 tuus.
1487 961 1510 985 «
1540 943 1648 987 Haec
1680 941 1818 1017 φωτὶ

389 1044 501 1074 cum
530 1025 773 1081 referrem,
810 1022 1060 1071 confestim
1098 1035 1274 1085 pueros
1307 1017 1366 1064 ad
1401 1032 1594 1064 amnem
1619 1015 1813 1077 dirigit:

390 1106 531 1171 piscis
562 1105 764 1170 capitur,
794 1102 1038 1150 subtracta
1069 1108 1180 1146 sunt
1208 1098 1268 1144 de
1293 1098 1410 1144 extis
1442 1112 1547 1161 quae
1564 1095 1693 1158 jussa
1719 1094 1818 1141 fue-

393 1192 513 1243 rant,
543 1192 587 1230 et
610 1182 776 1247 prunis
799 1179 1038 1244 imposita.
1070 1180 1124 1223 At
1142 1176 1223 1223 ubi
1244 1176 1453 1240 primum
1475 1174 1633 1220 fumus
1656 1172 1819 1220 odoris

394 1252 576 1326 patrem
598 1259 766 1323 attigit,
796 1258 1015 1323 protinus
1039 1265 1200 1302 tumor
1223 1253 1460 1318 dolorque
1484 1251 1716 1299 discessit.

964 1460 1120 1495 CAPUT
1145 1460 1243 1495 XLI.

750 1579 804 1613 De
827 1587 948 1612 sancto
965 1578 1145 1612 Germano
1166 1575 1462 1611 Autisiodorensi.

460 1724 727 1769 Germanus
743 1731 904 1769 autem
924 1721 1157 1785 gloriosus
1175 1721 1421 1768 confessor
1443 1722 1491 1767 in
1511 1721 1631 1768 urhe
1650 1721 1823 1767 Roma'

396 1799 517 1847 obiit
544 1818 553 1846 2
583 1799 695 1846 inde
715 1816 830 1846 vero
855 1800 1037 1846 levatus
1064 1809 1174 1864 post
1198 1798 1299 1846 dies
1322 1800 1586 1862 sexaginta,
1616 1797 1676 1845 ad
1708 1798 1824 1844 civi-

398 1887 542 1925 tatem
566 1876 949 1938 Autisiodorum’
963 1876 1165 1935 delatus,
1190 1876 1442 1942 sepulturae
1463 1876 1715 1924 mandatus
1733 1886 1819 1923 est.

396 1958 629 2020 Tempore
649 1964 809 2001 autem
828 1954 1184 2002 Teudechildae³
1207 1955 1396 2017 reginae,
1426 1955 1695 2001 Nunninus‘
1718 1954 1825 2018 qui-

399 2034 512 2081 dam
542 2034 779 2093 tribunus,
804 2050 860 2080 ex
885 2036 1097 2080 Arverno
1120 2032 1180 2079 de
1202 2033 1399 2080 Francia
1421 2042 1528 2097 post
1545 2031 1731 2079 reddita
1755 2048 1825 2078 re-

400 2113 519 2175 ginae
536 2112 713 2158 tributa
735 2121 993 2171 revertens,
1008 2109 1466 2157 Autisiodorensem⁸
1478 2109 1647 2156 urbem
1658 2108 1822 2167 adivit,

400 2205 544 2236 causa
578 2198 762 2236 tantum
787 2189 1027 2253 religionis
1057 2207 1067 2234 :
1097 2188 1475 2254 provolutusque
1510 2186 1572 2234 ad
1601 2185 1727 2233 beati
1750 2203 1824 2232 se-

402 2266 639 2332 pulcrum,
665 2284 778 2314 cum
803 2267 1067 2314 diutissime
1097 2276 1294 2325 orasset,
1327 2275 1535 2313 extracto
1565 2265 1625 2312 de
1655 2265 1825 2328 vagina

456 2458 512 2505 (1)
537 2459 582 2495 In
611 2455 720 2497 Colb.
746 2470 784 2507 a,
812 2455 1059 2495 emendatum
1080 2463 1139 2495 est
1161 2455 1320 2506 antiqua
1348 2467 1464 2494 manu
1486 2457 1678 2492 Ravenna.
1702 2453 1763 2493 Sic
1789 2460 1829 2491 et

403 2517 519 2558 habet
538 2518 632 2558 Bad.
654 2531 743 2558 cum
774 2519 915 2557 Herico
934 2519 997 2567 (de
1026 2518 1158 2558 mirac.
1182 2521 1221 2558 S.
1241 2519 1392 2566 Germ.)
1412 2526 1450 2556 et
1470 2517 1627 2569 quidem
1652 2519 1692 2556 S.
1722 2517 1826 2555 Ger-

404 2594 539 2620 manus
558 2585 752 2621 Ravennae
773 2581 880 2621 obiit.
905 2584 986 2630 (R.)

456 2646 511 2693 (2)
545 2647 930 2695 2204‚Autisiodoro,
952 2653 1113 2683 correct.
1126 2646 1421 2691 autisiodorum5
1437 2644 1822 2693 2205,audisiodem.

459 2709 513 2759 (3)
545 2711 602 2747 De
623 2708 695 2747 hac
713 2707 803 2748 vide
824 2716 933 2747 notas
951 2708 991 2746 in
1007 2720 1093 2759 cap.
1116 2721 1253 2756 xxxvr,
1274 2706 1362 2745 libri
1380 2709 1446 2749 lv.

460 2772 513 2818 (4)
540 2770 621 2818 AL,
644 2773 846 2810 Numnias.
875 2772 955 2818 (R.)

460 2832 516 2885 (5)
544 2835 665 2883 2204,
690 2835 1009 2881 Ausidiorensim,·
1030 2832 1516 2881 2205,audisioderense·m.
