2028 3458
455 318 531 355 130
663 318 730 354 DE
756 314 1050 354 VIRTUTIBUS
1080 314 1254 353 SANCTI
1281 316 1509 355 MARTINI.
1528 336 1583 344 —
1606 317 1658 354 11.

451 403 631 463 lectuli,
656 414 703 451 et
728 421 870 452 orans
890 420 945 451 ac
967 402 1254 465 valedicens,
1290 404 1476 467 regredi
1498 403 1737 469 cupiebat.
1765 407 1877 452 Post

451 482 739 547 completam
771 492 930 529 autem
966 481 1234 528 orationem
1263 498 1549 545 exsurgens,
1588 483 1764 547 apertis
1788 498 1876 547 pa-

452 578 647 625 rumper
665 559 833 620 oculis,
866 559 1078 606 intuetur
1099 560 1333 607 cortinam
1357 561 1557 608 sericam
1580 560 1642 607 de
1662 560 1875 607 cancello

450 638 674 703 pendere,
692 646 737 684 et
760 637 825 683 ait
846 655 857 683 τ
889 636 1079 683 «Video
1103 645 1332 701 tanquam
1351 637 1549 701 pallium
1574 638 1778 685 sericum
1796 637 1876 685 hic

447 731 730 780 appensum.
773 733 796 758 »
834 715 921 761 Cui
958 714 1091 760 aiunt
1122 715 1195 761 sui
1224 734 1240 761 ·:
1284 716 1597 762 «Veritatem
1634 726 1680 762 te
1714 715 1876 763 videre

446 792 798 856 cognoscimus.¹
824 811 847 836 »
875 793 979 856 Ipse
1014 801 1176 839 autem
1209 793 1355 857 coepit
1392 793 1569 840 iterum
1593 794 1707 840 flere
1731 803 1876 858 atque

444 885 604 925 orare,
632 879 685 917 ut
718 869 886 916 beatus
924 868 1171 917 confessor
1204 886 1328 935 opus
1371 880 1585 935 coeptum
1623 871 1876 935 dignanter

442 947 667 1011 expleret.
694 947 788 1005 Qui
812 946 929 994 dum
952 957 1057 994 orat
1081 946 1313 996 'attentius
1332 985 1344 1009 ,
1375 947 1696 1007 obdormivit3
1724 965 1874 1013 appa-

441 1026 629 1089 ruitque
653 1025 695 1072 ei
714 1026 783 1071 vir
802 1042 889 1090 per
912 1026 1085 1087 visum,
1109 1025 1273 1073 dicens
1295 1046 1306 1074 :
1337 1046 1358 1070 «
1381 1026 1514 1074 Vade
1544 1026 1605 1074 ad
1630 1026 1874 1074 basilicam

443 1103 611 1150 domui
644 1104 856 1163 Martini,
883 1114 931 1151 et
956 1103 1021 1151 ibi
1051 1104 1249 1169 plenam
1275 1103 1514 1151 obtinebis
1545 1105 1815 1153 sanitatem.
1848 1123 1871 1149 n

443 1181 537 1240 Qui
560 1180 679 1228 nihil
704 1191 940 1241 moratus,
967 1179 1259 1230 famulorum
1284 1182 1507 1229 manibus
1530 1182 1793 1244 deductus,
1821 1191 1875 1229 ut

439 1259 603 1306 limina
627 1258 753 1307 beati
773 1259 1062 1307 confessoris
1091 1261 1262 1325 attigit,
1296 1260 1461 1308 lumen
1481 1261 1738 1326 integrum,
1767 1262 1874 1326 opi-

437 1336 617 1385 tulante
644 1336 756 1399 fide,
784 1338 991 1403 recepit.

986 1467 1145 1503 CAPUT
1172 1467 1315 1506 XXIV.

755 1566 808 1601 De
822 1566 970 1601 homine
983 1565 1151 1601 omnibus
1169 1565 1336 1601 membris
1352 1574 1550 1602 contracto.

507 1663 559 1708 In
581 1662 789 1725 Biturigo
810 1664 822 1686 ¹
840 1678 1035 1727 quoque
1058 1662 1145 1709 fuit
1167 1662 1388 1727 quaedam
1411 1662 1599 1722 mulier,
1618 1679 1723 1726 quae
1746 1679 1870 1710 con-

442 1740 623 1805 cipiens
647 1740 832 1806 peperit
853 1739 1006 1788 filium
1026 1778 1038 1802 ‚
1074 1741 1209 1804 cujus
1229 1741 1435 1806 poplites
1460 1741 1522 1788 ad
1543 1741 1865 1801 stomachum,

442 1818 650 1866 calcanei
687 1817 750 1865 ad
790 1833 930 1866 crura
968 1829 1307 1866 contraxerant
1346 1835 1357 1865 :
1407 1835 1578 1866 manus
1615 1836 1728 1867 vero
1771 1820 1871 1882 ejus

439 1905 576 1942 erant
604 1895 900 1943 adhaerentes
934 1897 1135 1962 pectori,
1170 1896 1255 1944 sed
1286 1906 1334 1943 et
1367 1895 1494 1943 oculi
1526 1896 1673 1943 clausi
1713 1906 1866 1943 erant.

440 1975 534 2031 Qui
556 1975 706 2039 magis
736 1984 1006 2023 monstrum
1033 1975 1231 2040 aliquod
1254 1991 1402 2039 quam
1425 1974 1636 2021 hominis
1660 1975 1869 2039 speciem

441 2051 692 2100 similabat.
719 2053 936 2111 Quicum
960 2070 1060 2100 non
1074 2054 1175 2100 sine
1192 2052 1430 2099 derisione
1456 2052 1721 2099 multorum
1744 2053 1870 2117 aspi-

442 2138 628 2176 ceretur
643 2167 655 2190 ‚
689 2140 737 2177 et
760 2140 913 2178 mater
938 2140 1218 2195 argueretur
1249 2146 1336 2177 cur
1360 2129 1467 2177 talis
1490 2146 1548 2177 ex
1571 2130 1652 2177 illa
1673 2146 1868 2195 proces·

441 2207 549 2253 serit
582 2206 720 2268 filius,
765 2207 1085 2256 confitebatur
1115 2225 1229 2256 cum
1260 2208 1482 2272 lacrymis
1504 2247 1517 2266 ,
1560 2218 1703 2256 nocte
1734 2208 1869 2255 illum

442 2283 684 2333 dominica
712 2296 1008 2350 generatum.
1042 2289 1201 2345 Quem
1229 2286 1503 2333 interimere
1537 2302 1639 2333 non
1664 2285 1866 2344 audens,

443 2370 494 2408 ut
508 2379 612 2410 mos
631 2373 837 2412 matrum
860 2374 930 2412 est
951 2366 982 2424 ²,
1010 2374 1239 2429 tanquam
1264 2380 1437 2411 sanum
1456 2380 1661 2429 puerum
1686 2363 1869 2411 nutrie-

442 2438 541 2487 bat.
569 2440 794 2490 Adultum
818 2459 933 2490 vero
966 2442 1163 2490 tradidit
1195 2442 1446 2501 mendicis,
1479 2442 1563 2506 qui
1594 2458 1707 2488 eum
1744 2441 1869 2488 acci-

442 2517 625 2581 pientes
646 2531 909 2584 posuerunt
935 2521 984 2568 in
1008 2536 1257 2569 carrucam
1276 2555 1288 2579 ,
1313 2528 1359 2567 et
1384 2519 1626 2567 trahentes
1651 2519 1870 2566 ostende-

500 2696 691 2747 (neh-F.
712 2699 901 2744 Bitur1'005
917 2698 971 2736 id.
992 2700 1113 2747 3801,
1126 2696 1191 2735 hic
1207 2706 1245 2735 et
1253 2696 1354 2735 infra
1370 2709 1457 2748 cap.
1468 2710 1564 2734 xxtx
1574 2705 1612 2735 et
1627 2696 1743 2746 alias;
1759 2697 1863 2734 5334

441 2763 645 2801 Biturrc'oe.

494 2828 549 2875 (2)
559 2826 660 2876 Bal„
683 2836 725 2865 ut
741 2835 957 2876 monstrum,
977 2837 1172 2878 tanquam.
1192 2829 1276 2876 (R.)
