2028 3458
491 280 540 318 &8
710 280 775 316 DE
801 278 1094 316 VIRTUTIBUS
1124 277 1295 315 SANCTI
1323 276 1547 318 MARTINI.
1568 301 1622 307 —
1647 279 1680 318 1.

1064 431 1221 465 CAPUT
1245 430 1327 466 XV.

829 529 880 562 De
896 528 974 562 oleo
990 525 1170 562 cicendilis
1183 539 1289 574 super
1304 526 1443 574 pictura
1459 527 1567 567 beati.

557 621 655 668 Sibi
682 636 874 683 quoque
898 620 946 666 in
977 621 1224 667 Ravenna¹
1253 628 1396 683 atque
1424 619 1474 666 in
1506 619 1745 667 rhetorica
1776 618 1908 666 socio

492 715 581 746 suo
609 697 762 757 Felici,
790 713 846 747 ex
882 697 1006 754 ole0,
1037 696 1171 759 quod
1203 695 1294 760 sub
1326 696 1530 760 imagine
1562 697 1757 762 picturae
1782 695 1909 743 beati

493 774 713 822 Martini
702 791 750 820 m
789 773 1006 820 cicendili
1035 772 1253 833 ardebat,
1286 773 1403 822 dum
1435 774 1691 837 tetigerunt
1721 773 1906 833 oeuIOS,

493 852 654 899 lumen
678 836 901 898 rediisse'
922 850 1164 898 confessus
1186 861 1274 899 est.

1055 1008 1213 1045 CAPUT
1236 1009 1340 1045 xvl.

964 1108 1017 1142 De
1033 1106 1178 1143 Placido
1194 1116 1438 1156 procuratore.

562 1206 781 1254 Similiter
797 1207 846 1254 in
861 1206 1083 1273 praedicta
1095 1206 1213 1255 urbe
1236 1207 1356 1255 dum
1375 1205 1594 1255 Placidus
1610 1214 1911 1272 procurator,

498 1286 773 1351 desperatus
801 1301 829 1332 a
859 1285 1074 1345 medicis,
1104 1286 1167 1333 ad
1189 1285 1319 1334 aliud
1353 1284 1625 1351 puellarum
1646 1284 1914 1332 oratorium

499 1362 585 1410 sibi
612 1363 820 1410 vicinum
852 1363 1128 1427 confugeret
1160 1372 1209 1411 et
1243 1364 1293 1410 in
1325 1363 1447 1410 atrio
1482 1361 1753 1422 recubaret,
1785 1361 1917 1407 venit

501 1450 647 1488 noctu
675 1440 735 1489 ad
762 1440 1043 1488 abbatissam
1067 1441 1236 1489 beatus
1268 1442 1497 1489 Martinus
1527 1458 1615 1506 per
1645 1440 1913 1499 somnium,

499 1536 646 1584 quam
671 1520 913 1584 requirens
937 1519 1054 1583 quid
1078 1519 1269 1577 faceret,
1294 1520 1361 1566 ait
1382 1537 1433 1567 se
1454 1519 1770 1584 requiescere.
1796 1517 1918 1565 Dicit

500 1608 689 1645 sanctus
721 1598 782 1645 ad
808 1598 966 1645 illam:
998 1618 1019 1641 «
1039 1601 1090 1644 In
1120 1597 1295 1645 Gallias
1329 1597 1477 1645 habui
1503 1598 1604 1662 jam
1625 1596 1807 1657 redire,
1835 1594 1918 1642 sed

501 1686 696 1741 propter
719 1676 878 1736 istum,
900 1676 984 1740 qui
1006 1676 1119 1723 foris
1136 1677 1261 1740 jacet
1283 1677 1333 1722 in
1358 1677 1499 1739 atrio,
1526 1692 1602 1723 me
1625 1683 1919 1722 remoratum

502 1753 745 1819 profiteor.
779 1772 802 1798 «
825 1757 957 1801 Tunc
981 1770 1179 1818 surgens
1196 1753 1451 1814 abbatissa,
1476 1761 1522 1801 et
1545 1753 1755 1800 reserens
1776 1751 1921 1798 visio-

502 1848 630 1890 nem,
650 1830 794 1879 fidem
817 1831 926 1879 fecit
948 1831 1136 1901 homini¹
1158 1833 1269 1896 quia
1295 1831 1356 1878 de
1380 1831 1593 1897 periculo
1616 1829 1919 1887 liberaretur,

503 1910 636 1974 quod
647 1921 773 1958 certe
790 1911 963 1958 meruit
982 1910 1216 1957 obtinere.
1234 1909 1327 1957 Sed
1344 1919 1398 1956 ut
1414 1908 1665 1974 praedictus
1678 1906 1924 1974 presbyter

504 1988 682 2047 asserit,
705 1988 908 2036 multum
939 1981 1299 2036 desiderabilius
1324 1988 1373 2033 in
1395 1987 1512 2033 locis
1535 1986 1705 2033 Italicis
1735 1985 1924 2031 Martini

507 2065 706 2129 gloriam
750 2067 965 2114 venerari
1004 2083 1168 2131 quam,
1215 2066 1254 2113 si
1300 2064 1410 2112 licet
1449 2065 1560 2126 dici,
1599 2081 1696 2129 quo
1728 2064 1925 2128 propria

511 2143 724 2191 membra
746 2145 977 2192 recubant
1002 2144 1232 2192 tumulata
1256 2161 1266 2189 ε
1304 2144 1352 2189 in
1376 2152 1561 2190 tantum
1587 2152 1638 2188 ut
1660 2140 1925 2205 frequentia

509 2223 737 2269 miracula
764 2239 852 2270 nec
871 2240 1032 2288 sparsa
1046 2222 1330 2286 colligantur
1358 2221 1406 2268 in
1423 2220 1599 2282 verbis,
1627 2230 1830 2267 nectam
1851 2220 1926 2265 in·-

511 2298 644 2346 finita
668 2299 988 2346 recondantur
1010 2300 1059 2346 in
1079 2299 1279 2364 paginis.

565 2489 622 2542 (1)
643 2493 725 2529 Hoc
741 2500 855 2543 caput
877 2492 1013 2531 deest
1002 2505 1042 2530 1n
1061 2491 1169 2532 colb.
1191 2500 1229 2530 et
1247 2494 1337 2530 Bec.
1359 2490 1421 2543 (R.
1426 2490 1441 2543 )

566 2554 621 2613 (2)
639 2558 805 2605 Forsan,
835 2560 1059 2597 reddidisse.
1094 2557 1394 2611 (Πὸ-2204,
1425 2557 1547 2604 3801,
1583 2558 1773 2603 reddIsse5
1807 2557 1926 2604 5349,

513 2621 676 2670 redisse;
696 2622 754 2661 Cl.
760 2625 822 2662 -F.
860 2625 1084 2663 reddidisse.
