2028 3458
431 282 508 320 2212
643 282 709 318 DE
736 280 1026 318 VIR'I'UTIBUS
1054 280 1224 318 SANCTI
1253 281 1476 321 MARTINI.
1497 303 1550 310 —
1572 283 1644 321 111.

430 370 534 415 viro
553 367 923 416 adminiculante
946 366 1218 427 deducitur,
1245 368 1294 414 in
1318 385 1415 432 quo
1437 386 1522 433 pei·
1541 369 1717 415 multos
1740 368 1842 416 dies

430 449 696 494 orationem
717 453 1005 509 compuncta
1025 444 1271 491 fundebat.
1286 445 1498 492 Tandem
1512 446 1660 509 pietas
1678 444 1737 491 ad
1756 446 1843 491 mi-

430 523 685 570 serandum
720 539 842 586 saepe
874 521 1067 585 profusa
1103 538 1208 568 eam
1243 523 1513 587 respiciens,
1551 524 1706 570 visum
1736 540 1841 568 mu-

428 602 529 648 lieri
572 602 772 648 amisum
802 600 1019 646 restituit.
1063 602 1306 662 Tantaque
1343 600 1569 665 deinceps
1617 600 1841 648 seminam

429 678 547 725 fides
569 678 804 738 accendit,
827 687 879 723 ut
902 693 1049 740 usque
1072 675 1134 723 ad
1156 675 1282 723 diem
1305 678 1375 723 sui
1410 677 1568 724 obitus
1591 694 1841 741 nunquam

429 769 457 801 a
478 755 587 801 loco
606 753 688 800 illo
713 753 994 800 discederet.

965 918 1121 953 CAPUT
1150 918 1291 954 XXIII.

719 1013 770 1048 De
788 1022 885 1048 muto
902 1013 959 1048 cui
977 1013 1099 1048 fratres
1116 1014 1330 1050 abstulerant
1348 1014 1559 1048 facultatem.

494 1109 658 1157 Incola
676 1120 833 1157 autem
859 1110 1209 1173 Andegavensis
1234 1110 1380 1169 urbis,
1400 1109 1600 1157 turbatis
1619 1107 1845 1155 membris

429 1187 621 1246 morbo,
648 1197 791 1252 caput
813 1189 1048 1234 convertit
1071 1188 1131 1234 ad
1155 1187 1384 1234 lectulum
1412 1205 1421 1232 :
1452 1186 1626 1233 dehinc
1649 1202 1734 1250 per
1750 1185 1846 1230 sin-

430 1264 566 1327 gulos
598 1264 698 1311 dies
728 1263 1045 1311 invalescente
1075 1264 1221 1322 febre,
1257 1264 1439 1310 cunctis
1470 1261 1669 1310 artubus
1701 1261 1843 1307 desti-

431 1351 574 1400 tutus,
601 1341 765 1388 auditu
790 1351 837 1388 et
858 1341 1099 1388 locutione
1128 1342 1303 1406 pariter
1330 1341 1559 1404 privatur.
1589 1341 1702 1386 Post
1725 1354 1843 1402 pau-

431 1435 514 1465 cos
540 1435 653 1465 vero
674 1419 775 1465 dies
800 1435 910 1464 cum
933 1418 994 1465 de
1015 1418 1142 1465 febre
1167 1417 1503 1475 convaluisset,
1531 1427 1577 1463 et
1600 1417 1701 1462 siue
1726 1432 1844 1462 voce

432 1505 667 1553 maneret,
695 1494 851 1541 ablata
876 1494 965 1541 sibi
999 1495 1059 1541 ab
1085 1494 1306 1541 fratribus
1337 1494 1566 1540 facultatis
1595 1502 1750 1557 parte,
1784 1491 1845 1537 de

431 1570 579 1617 domo
603 1580 798 1634 paterna
822 1571 1088 1634 projicitur,
1116 1570 1387 1617 dicentibus
1414 1569 1633 1615 fratribus
1660 1587 1669 1614 ε
1711 1589 1732 1611 (ι
1761 1569 1846 1614 Hic

429 1664 594 1694 amens
618 1647 812 1694 effectus
834 1657 920 1693 est.
945 1650 1050 1693 Non
1083 1648 1287 1711 patiatur
1319 1650 1462 1707 Deus,
1491 1646 1624 1709 quod
1658 1654 1738 1692 aut
1777 1645 1845 1692 fa-

432 1725 594 1771 cultati
616 1734 786 1770 nostrae
810 1724 1053 1785 inhaereat,
1074 1733 1154 1770 aut
1176 1733 1360 1788 partem
1383 1723 1668 1769 haereditatis
1684 1723 1848 1786 acqui-

432 1812 519 1848 rat.
549 1821 573 1846 »
602 1805 745 1848 Erant
767 1811 928 1848 autem
947 1802 1143 1864 ingenui
1163 1810 1209 1847 et
1234 1802 1582 1865 possessionem
1602 1800 1848 1865 propriam

431 1879 693 1926 incolentes
711 1895 721 1926 z
748 1879 831 1925 sed
850 1878 993 1924 nihil¹
1021 1879 1283 1942 cogitantes
1304 1878 1363 1925 de
1378 1879 1449 1925 his
1474 1895 1578 1942 quae
1593 1878 1679 1924 Dei
1694 1886 1844 1934 eraut,

431 1955 671 2018 ejecerunt
695 1964 881 2001 mutum
905 1964 951 2000 et
980 1954 1196 2012 surdum,
1227 1971 1369 2018 quem
1394 1954 1552 2019 potius
1581 1954 1740 1999 fovere
1763 1952 1847 1997 de-

432 2032 654 2078 buerant.
693 2031 774 2077 llle
806 2047 919 2078 vero
958 2047 1237 2094 quanquam
1267 2032 1367 2077 sine
1406 2031 1478 2076 his
1513 2029 1674 2076 usibus
1706 2037 1842 2087 esset,

433 2126 625 2156 sensum
647 2118 803 2155 tamen
828 2109 876 2154 in
897 2107 1042 2154 corde
1066 2108 1315 2155 retinebat.
1334 2112 1479 2154 Porro
1504 2117 1660 2154 autem
1681 2122 1849 2170 appre-

435 2186 593 2233 hensis
617 2202 762 2232 manu
788 2185 976 2246 tabuliS,
1005 2195 1050 2231 et
1072 2185 1195 2231 inter
1220 2202 1268 2231 se
1300 2184 1491 2242 collisis,
1517 2200 1687 2231 vocem
1723 2199 1848 2244 quae-

435 2263 579 2309 rentis
602 2261 892 2309 imitabatur.
924 2265 1044 2308 Cum
1074 2262 1165 2308 hoc
1198 2262 1327 2308 enim
1350 2261 1550 2308 artificio
1588 2260 1648 2307 ad
1684 2275 1849 2323 supra-

435 2340 615 2387 dictum
637 2340 796 2386 vicum
819 2339 1028 2399 advenit,
1047 2339 1209 2402 ibique
1224 2339 1325 2385 aliis
1343 2340 1515 2403 stipem
1530 2337 1848 2401 flagitantibus

435 2416 722 2480 adjungitur.
763 2418 929 2462 Sextus
954 2416 1096 2478 igitur
1122 2417 1220 2478 jam
1245 2416 1488 2463 effluxerat
1517 2432 1687 2477 annus,
1718 2415 1850 2479 quod

438 2510 618 2559 pauper
635 2495 718 2540 iste
732 2509 760 2540 a
777 2493 950 2540 divitiis
963 2502 1134 2539 sanctae
1148 2492 1326 2539 cellulae
1349 2493 1642 2540 vescebatur.
1658 2496 1850 2539 Factum

494 2703 548 2750 (1)
566 2699 667 2738 Editi
687 2709 761 2739 tres
782 2717 789 2740 ;
813 2703 935 2738 Erant
952 2709 1077 2737 autem
1097 2701 1298 2749 inquilini,
1327 2711 1364 2738 et
1377 2702 1601 2751 possessioni
1615 2702 1777 2749 propria:
1795 2702 1851 2734 ιή-

440 2766 660 2818 cumba-ntes,
685 2769 752 2805 sed
768 2768 895 2816 inique
912 2770 1125 2817 cogitantes.
1150 2764 1226 2817 (R.)
