2028 3458
492 348 566 386 162
705 347 772 383 DE
801 341 1091 381 VIRTUTIBUS
1121 342 1293 380 SANCTI
1321 344 1543 382 MARTINI.
1568 365 1617 371 -
1636 345 1688 381 11.

487 432 657 480 deliter
678 432 726 478 in
752 430 928 490 scelere
958 444 1046 475 suo
1070 427 1346 493 depereant.
1374 434 1444 477 Tu
1472 447 1586 478 vero
1610 431 1685 478 his
1707 433 1908 497 peractis

487 528 591 575 quae
610 508 857 574 imperavi,
886 510 1104 553 Turonos
1127 506 1191 554 ad
1214 507 1459 556 basilicam
1493 525 1650 556 meam
1674 526 1902 575 propera3

487 590 646 653 ibique
670 597 715 633 te
742 585 958 641 visitans,
987 583 1220 632 obtinebo
1243 586 1374 650 apud
1399 587 1666 634 Dominum
1695 598 1746 635 ut
1773 605 1908 635 sane-

487 668 564 713 ris.
592 687 612 708 2>
639 664 727 711 Cui
748 662 855 709 ille:
884 683 905 705 «
934 662 1038 722 Dic,
1056 678 1234 725 quaeso,
1263 662 1476 726 domine,
1494 666 1577 729 qui
1600 682 1666 726 es,
1681 666 1756 713 vel
1773 666 1906 730 quod

485 756 553 793 est
577 761 754 791 nomen
781 742 952 789 tuum?
982 762 1003 785 ›>
1027 743 1115 788 Cui
1136 743 1208 788 vir
1232 760 1240 787 :
1274 763 1296 785 «
1321 746 1420 807 Ego
1443 762 1569 806 sum,
1590 746 1761 809 inquit,
1784 749 1908 793 Mar-

484 825 608 870 tinus
649 825 952 868 Turonorum
997 819 1234 867 sacerdos.
1287 839 1310 864 »
1355 825 1407 867 ln
1450 821 1522 868 his
1562 824 1711 869 sancti
1750 824 1907 870 verbis

483 916 665 966 pauper
687 898 888 945 surrexit
910 913 937 944 a
956 913 1148 955 somnO,
1175 897 1575 963 apprehensoque
1596 900 1800 961 bacello,
1822 901 1908 947 iter

481 980 765 1042 imperatum
799 973 1094 1038 aggreditur,
1121 984 1167 1021 et
1199 992 1305 1039 quae
1339 974 1431 1022 sibi
1462 976 1648 1025 fuerant
1677 978 1907 1043 imperata

482 1054 672 1121 populis
707 1053 960 1100 nuntiavit.
1012 1055 1173 1100 Mense
1212 1063 1370 1100 autem
1412 1055 1617 1119 septimo
1652 1066 1906 1121 postquam

479 1134 580 1181 baec
606 1142 711 1179 acta
746 1141 874 1189 sunt,
908 1131 1099 1178 beatam
1136 1130 1379 1179 basilicam
1410 1131 1551 1193 adiit,
1590 1132 1755 1196 ibique
1783 1151 1908 1199 pro-

481 1220 652 1257 stratus
675 1225 761 1274 per
782 1207 1016 1269 triduum,
1040 1218 1209 1272 quarta
1227 1207 1304 1254 die
1328 1225 1356 1255 a
1378 1211 1530 1256 sancti
1552 1210 1726 1257 virtute
1747 1212 1906 1258 visita-

479 1297 554 1335 tus
578 1296 662 1334 est.
690 1289 795 1333 Jam
817 1286 947 1333 enim
968 1296 1329 1350 computruerat
1347 1287 1396 1333 in
1421 1304 1480 1334 eo
1503 1304 1615 1335 caro
1638 1288 1907 1353 palmarum

480 1367 596 1430 ejus,
626 1381 732 1430 quae
762 1364 926 1412 clausa
957 1364 1276 1412 detinebatur.
1319 1368 1376 1412 Et
1406 1383 1517 1413 cum
1542 1366 1678 1430 digiti
1707 1367 1809 1431 ejus
1835 1367 1907 1414 di-

479 1445 592 1492 recti
618 1444 835 1502 fuissent‚
857 1443 1046 1507 sanguis
1066 1442 1127 1489 ab
1145 1442 1328 1490 eisdem
1347 1444 1524 1508 erupit.
1548 1444 1641 1491 Sed
1665 1444 1731 1492 eis
1752 1446 1908 1491 omni-

480 1520 571 1569 bus
598 1520 870 1581 medicatis,
901 1536 985 1567 ore
1011 1520 1209 1585 proprio
1233 1537 1340 1584 quae
1370 1521 1621 1569 retulimus
1649 1523 1903 1570 enarravit.

1055 1651 1209 1688 CAPUT
1234 1651 1333 1686 XLI.

999 1733 1051 1767 De
1066 1744 1160 1767 caeco
1177 1732 1393 1768 illuminato.

547 1830 678 1878 Facis
713 1845 827 1892 ergo
858 1827 1129 1875 beatissime
1160 1827 1407 1875 consessor
1436 1837 1520 1874 tuo
1551 1844 1711 1887 more,
1745 1830 1909 1894 propi-

480 1910 610 1957 tiaris
626 1904 954 1971 iniquitatibus
972 1905 1158 1970 populi,
1179 1915 1224 1952 et
1242 1921 1380 1952 sanas
1395 1905 1651 1969 languores
1668 1907 1904 1963 omnium,

482 1996 776 2049 cunctosque
801 1993 847 2030 te
881 1982 1084 2029 fideliter
1113 1983 1393 2030 invocantes
1419 1983 1511 2030 tuis
1549 1983 1910 2031 medicamentis

484 2064 714 2123 illustr-353
741 2077 831 2107 nec
860 2058 1052 2107 fraudas
1076 2068 1327 2107 extraneos
1362 2060 1495 2125 quod
1527 2061 1734 2125 propriis
1757 2061 1909 2108 liben-

487 2152 556 2189 ter
589 2138 821 2202 indulges.
865 2140 1025 2184 Homo
1064 2154 1178 2202 ergo
1212 2137 1370 2184 incola
1409 2138 1632 2185 territorii
1666 2141 1905 2200 Turonici,

488 2235 723 2266 annorum
748 2217 885 2281 q‘uasi
907 2216 1073 2280 viginti
1104 2216 1346 2280 quinque,
1376 2233 1487 2263 cum
1512 2233 1539 2264 a
1565 2216 1695 2263 febre
1717 2218 1908 2283 lippitu-

487 2296 610 2343 dinis
627 2305 917 2359 gravaretur,
939 2293 1275 2341 decidentibus
1290 2295 1555 2354 cataractis,
1576 2294 1909 2360 obstrictisque

488 2372 728 2438 palpebris
752 2371 888 2419 valde
914 2380 1114 2418 caecatus
1138 2381 1225 2418 est.
1253 2372 1405 2436 Super
1428 2371 1562 2436 quod
1586 2372 1766 2419 malum
1790 2373 1908 2436 adji-

490 2450 704 2497 ciebatur
727 2459 773 2495 et
803 2448 948 2508 illud,
986 2448 1121 2512 quod
1159 2464 1186 2495 a
1226 2447 1349 2495 fuste
1387 2465 1655 2513 percussus,
1692 2449 1907 2514 disrupto

488 2528 609 2586 visu,
636 2545 759 2574 unus
793 2528 835 2574 ei
874 2527 1061 2591 crepuit
1099 2526 1284 2573 oculus.
1318 2529 1423 2574 Jam
1459 2527 1589 2574 enirn
1622 2543 1707 2593 per
1743 2528 1909 2590 viginti

490 2606 703 2668 quinque
742 2621 894 2651 annos
928 2605 976 2651 in
1011 2603 1101 2651 hac
1128 2604 1336 2651 caecitate
1371 2604 1590 2667 degebat.
1625 2604 1909 2652 Admonitus

488 2699 600 2746 ergo
622 2699 706 2747 per
728 2683 897 2741 visum,
923 2682 983 2728 ad
1006 2681 1135 2728 beati
1159 2682 1397 2728 tumulum
1416 2683 1546 2729 venit
1561 2719 1573 2741 ,
1597 2682 1678 2729 ubi
1702 2683 1908 2729 orationi

489 2759 786 2814 incumbens,
815 2759 891 2806 die
920 2760 1055 2806 tertia
1080 2759 1221 2806 unius
1256 2760 1382 2806 oculi
1405 2759 1567 2807 lumen
1591 2762 1784 2826 recepit.
1816 2763 1908 2807 De-

488 2837 600 2883 hinc
618 2838 855 2884 animatus
871 2837 964 2884 hoc
985 2837 1320 2897 medicamine,
1344 2839 1570 2886 attentius
1589 2840 1730 2903 coepit
1749 2856 1901 2886 orare.
