2028 3458
442 282 518 319 234
651 281 717 317 DE
745 278 1033 317 VIRTUTIBUS
1061 278 1234 316 SANCTI
1262 278 1487 317 MARTINI.
1507 297 1560 306 -
1579 278 1631 315 H.

441 405 542 442 rata
581 405 666 442 est.
693 396 1007 442 Succurrente
1038 409 1151 440 vero
1183 395 1452 442 interventu
1495 393 1711 441 antistitis
1741 392 1841 456 glo-

444 472 571 530 riosi,
605 487 727 518 vena
760 470 1056 533 sanguinem,
1090 470 1210 517 cutis
1243 470 1500 529 ruborem,
1536 487 1707 534 corpus
1735 469 1843 516 reli-

441 565 588 612 quum
615 547 939 594 fortitudinem
963 547 1209 611 recipiens,
1235 547 1486 594 solidatum
1519 557 1605 594 est.
1628 548 1716 594 Cui
1745 547 1845 593 haec

442 626 528 671 fuit
550 640 690 671 causa
710 633 762 670 ut
783 625 869 672 ista
892 625 1139 689 perferret,
1164 623 1277 687 quia
1297 623 1374 670 die
1397 623 1578 672 sabbati
1607 634 1715 689 post
1735 623 1845 670 solis

441 718 678 759 occasum,
700 701 782 765 qui
809 701 939 748 nocti
958 700 1208 747 dominicae
1225 699 1485 763 adjacebat,
1500 717 1672 766 panem
1696 701 1846 748 voluit

442 778 758 825 conformare.

974 913 1130 948 CAPUT
1154 914 1309 950 XXXII.

734 1011 785 1043 De
803 1009 948 1043 muliere
966 1010 1066 1057 cujus
1086 1022 1208 1045 manus
1226 1010 1263 1044 in
1281 1022 1316 1044 se
1334 1009 1566 1045 adhaeserunt.

505 1105 665 1151 Simile
677 1104 792 1151 huic
811 1104 902 1151 alia
924 1104 1093 1151 mulier
1117 1104 1240 1162 fecit,
1254 1104 1389 1167 cujus
1409 1120 1579 1150 manus
1593 1104 1847 1150 introrsum

441 1191 695 1229 contracta>
733 1191 780 1228 et
813 1181 873 1228 ad
912 1197 961 1229 se
991 1181 1200 1228 invicem
1233 1181 1497 1244 conjunctae
1528 1180 1846 1227 adhaeserunt.

442 1262 656 1323 Cumque
679 1259 929 1306 doloribus
951 1259 1168 1305 maximis
1203 1246 1465 1318 imitaretur,
1491 1258 1615 1304 viam
1643 1257 1848 1320 ingredi-

442 1346 537 1396 tur,
564 1336 727 1383 dicens
754 1353 764 1381 :
798 1356 820 1379 α
847 1336 894 1382 Si
917 1335 979 1383 ad
1012 1335 1256 1383 basilicam
1279 1335 1427 1382 sancti
1451 1335 1638 1381 Martini
1664 1334 1845 1393 abiero,

442 1414 659 1478 protinus
681 1413 783 1459 haec
800 1412 1024 1460 abscedet
1047 1412 1310 1459 infirmitas.
1337 1411 1541 1458 Confido
1566 1412 1693 1458 enim
1716 1410 1851 1475 quod

443 1499 491 1537 et
513 1490 630 1537 mihi
652 1490 918 1550 subveniet,
944 1491 1026 1554 qui
1048 1506 1170 1554 saepe
1188 1490 1295 1536 talia
1315 1487 1659 1553 perferentibus
1681 1497 1749 1535 est
1771 1488 1853 1535 mi-

443 1576 609 1614 sertus.
631 1585 653 1611 »
668 1570 777 1614 Haec
797 1583 908 1614 cum
930 1567 994 1613 ita
1016 1567 1178 1625 aieret,
1197 1575 1244 1612 et
1268 1566 1545 1629 incoeptum,
1569 1574 1620 1611 ut
1643 1573 1848 1629 poterat,

443 1654 656 1708 carperet
690 1645 795 1704 iter,
837 1660 1008 1691 manus
1044 1643 1144 1706 ejus
1184 1643 1309 1690 illico
1343 1652 1567 1708 separatae
1592 1651 1720 1700 sunt,
1751 1658 1851 1688 non

443 1729 606 1767 tamen
632 1721 823 1768 directis
845 1721 1019 1785 digitis.
1041 1724 1096 1766 At
1113 1736 1226 1767 vero
1252 1719 1334 1766 ubi
1361 1719 1422 1766 ad
1444 1719 1603 1767 locum
1634 1728 1851 1765 sanctum

444 1798 641 1843 accessit
662 1807 708 1843 et
732 1797 998 1844 orationem
1023 1795 1163 1853 fudit,
1190 1796 1407 1861 protinus
1429 1794 1590 1842 ablato
1615 1794 1747 1840 omni
1770 1793 1853 1841 do-

444 1871 565 1931 lore,
594 1873 803 1920 solidatis
831 1874 1004 1938 digitis,
1042 1889 1212 1920 manus
1240 1871 1411 1919 liberas
1450 1888 1560 1918 cum
1598 1872 1853 1935 gratiarum

446 1951 605 1998 retulit
628 1951 830 1997 actione.
885 1970 893 1975 ·

977 2097 1132 2132 CAPUT
1157 2096 1333 2131 XXXIII.

932 2193 983 2227 De
998 2192 1125 2227 morbo
1141 2193 1372 2227 caballorum.

516 2290 566 2333 In
595 2286 922 2350 Burdogalensi
941 2297 1099 2335 autem
1123 2287 1316 2349 regione
1338 2285 1432 2332 hoc
1454 2301 1581 2332 anno
1602 2286 1754 2349 gravis
1775 2301 1853 2333 ca-

449 2364 685 2411 ballorum
715 2364 886 2410 exstitit
910 2362 1121 2410 morbus.
1156 2363 1294 2427 Apud
1317 2361 1475 2409 villam
1509 2377 1622 2409 vero
1657 2364 1853 2410 Marcia-

451 2456 658 2499 censem,
688 2456 792 2503 quae
818 2440 865 2485 in
894 2439 989 2487 hoc
1024 2440 1227 2486 termino
1261 2439 1532 2486 continetur
1566 2438 1755 2486 subdita
1783 2439 1853 2485 di-

453 2515 663 2564 tionibus
685 2515 809 2562 beati
831 2516 1036 2573 Martini,
1059 2516 1319 2562 oratorium
1336 2526 1403 2562 est
1430 2516 1574 2579 ipsius
1596 2524 1641 2561 et
1659 2517 1855 2563 nomine

451 2602 498 2642 et
521 2591 771 2639 virtutibus
792 2602 1138 2639 consecratum.
1152 2593 1367 2656 Denique
1389 2592 1670 2640 adveniente
1691 2609 1855 2657 supra-

452 2670 576 2718 dicta
599 2669 750 2729 clade,
776 2669 1063 2717 accedebant
1094 2670 1154 2717 ad
1189 2670 1467 2728 oratorium,
1497 2679 1606 2717 vota
1634 2669 1856 2716 facientes

454 2762 542 2814 pro
575 2746 725 2812 equis,
754 2755 804 2794 ut
838 2746 1012 2793 scilicet
1043 2746 1079 2793 si
1121 2745 1373 2794 evaderent
1409 2763 1463 2793 ex
1503 2746 1613 2811 ipsis
1648 2745 1855 2794 decimas
