2028 3458
474 237 549 273 1246
696 230 1162 272 ECLAIRCISSEMENTS
1191 234 1250 270 ET
1276 232 1654 270 OBSERVATIONS.

846 318 913 353 Hic
932 317 1044 353 oculis
1062 330 1102 353 ac
1123 318 1284 354 manibus

759 377 802 410 In
822 376 947 410 coelum
966 384 1016 410 est
1033 375 1116 410 totis
1134 387 1331 422 suspensus.

847 431 1003 467 Terrena
1021 439 1148 467 cuncta
1166 432 1313 479 respuit.

753 489 839 534 Ejus
855 487 909 522 ori
927 500 1107 534 nunquam
1126 488 1285 523 Christus
1302 487 1428 532 abfuit,

843 544 923 579 Sive
939 544 1073 590 justitia
1091 545 1147 579 vel
1163 543 1338 591 quidquid

870 599 926 634 Ad
944 600 1052 634 vitam
1069 612 1187 635 veram
1207 599 1371 646 pertinet.

748 717 860 763 Igitur
878 727 912 753 te
932 717 1051 753 cuncti
1068 717 1256 764 poscimus,
1276 728 1299 751 o
1318 715 1480 758 Martine,

753 775 803 808 Ut
820 774 881 820 qui
899 774 1008 809 multa
1030 773 1118 808 mira
1134 773 1195 808 hic
1213 771 1397 807 ostendisti
1409 798 1420 815 ‚

751 830 866 866 Etiam
885 830 931 865 de
948 831 1036 865 coelo
1055 829 1203 877 gratiam
1220 828 1350 864 Christi

659 887 771 922 Nobis
786 887 985 935 supplicatu
1002 896 1063 922 tuo
1083 898 1219 933 semper
1234 884 1416 928 infundas,

752 942 829 979 Etc.

518 1073 752 1121 Omnipotens
770 1072 978 1120 sempiterne
996 1074 1106 1115 Deus,
1123 1073 1203 1107 fons
1227 1081 1261 1107 et
1287 1072 1387 1119 origo
1403 1071 1510 1106 totius
1527 1071 1628 1114 boni,
1646 1070 1706 1116 qui
1724 1071 1762 1105 in
1781 1071 1883 1105 beato

471 1129 624 1164 Martino
644 1128 794 1164 antistite
812 1128 1117 1176 glorificaris,laus
1129 1127 1268 1162 virtutis
1283 1128 1357 1173 ejus
1368 1135 1402 1161 et
1418 1127 1529 1161 robur
1547 1125 1762 1161 fortitudinis
1777 1125 1882 1167 illius,

470 1185 595 1220 Gloria
618 1185 807 1220 sanctitatis
831 1186 907 1232 ejus
930 1193 965 1220 et
981 1184 1090 1220 decor
1108 1185 1229 1219 formae
1248 1184 1370 1231 ipsius',
1387 1196 1487 1219 amor
1504 1181 1622 1218 cordis
1639 1184 1713 1230 ejus
1736 1194 1882 1229 suspen-

469 1243 592 1288 sioque
608 1243 734 1277 animae
750 1242 872 1290 ipsius,
892 1243 1012 1276 lumen
1035 1242 1160 1276 mentis
1176 1243 1251 1288 ejus
1271 1250 1305 1276 et
1326 1239 1400 1276 dux
1425 1240 1558 1275 itineris
1579 1240 1691 1282 illius;
1709 1238 1770 1285 qui
1789 1239 1825 1272 in
1841 1250 1884 1272 eo

472 1299 632 1345 imaginis
650 1307 717 1333 tuae
741 1297 1006 1333 similitudinem
1031 1297 1183 1333 mirabili
1201 1297 1423 1344 expressione
1450 1297 1645 1331 reformasti
1666 1304 1701 1330 et
1723 1308 1789 1342 per
1804 1306 1884 1328 eum

471 1355 632 1401 puritatis
657 1364 726 1390 tuae
752 1355 901 1389 formam
923 1353 1189 1400 quodammodo
1208 1354 1418 1401 palpabilem
1437 1353 1539 1387 nobis
1555 1351 1742 1387 exhibuisti
1755 1365 1765 1394 ;
1780 1362 1881 1396 quem

473 1422 555 1445 cum
573 1410 742 1458 diligeret,
762 1419 795 1444 te
811 1411 1014 1458 inspirante,
1029 1410 1199 1457 justitiam
1213 1408 1396 1455 odiretque
1411 1409 1644 1455 iniquitatem,
1660 1408 1789 1442 unxisti
1807 1407 1884 1440 oleo

472 1467 722 1510 exsultationis,
742 1479 816 1501 non
834 1478 900 1513 pro
919 1466 1151 1513 participibus
1169 1465 1248 1507 tuis,
1268 1464 1329 1499 sed
1349 1465 1439 1499 inter
1457 1465 1627 1499 maximos
1642 1462 1822 1510 Unigeniti
1835 1462 1885 1496 tui

471 1522 676 1569 participes;
697 1521 837 1564 exaudi,
858 1522 935 1569 ipso
963 1519 1211 1561 intercedente,
1230 1519 1493 1566 deprecationes
1519 1527 1656 1554 nostras
1680 1518 1775 1565 gravi
1800 1529 1885 1564 pec-

473 1585 633 1611 catorum
649 1576 806 1624 pondere
832 1588 980 1623 pressas,
1000 1585 1033 1610 et
1051 1583 1176 1623 praesta
1194 1584 1233 1609 ut
1260 1587 1380 1622 preces
1403 1577 1478 1623 ejus
1495 1574 1591 1622 apud
1612 1572 1884 1621 misericordiam

473 1641 569 1668 tuam
586 1634 755 1668 scelerum
771 1646 931 1668 meorum
950 1633 1103 1668 maculas
1115 1632 1266 1675 deleant,
1281 1634 1439 1680 exempla
1456 1645 1511 1667 me
1527 1632 1573 1667 ad
1590 1633 1716 1667 altiora
1732 1631 1790 1678 pie
1800 1643 1885 1677 ope-

472 1692 616 1727 rationis
635 1702 844 1740 provocent,
863 1693 1030 1727 miracula
1050 1705 1069 1727 a
1095 1693 1195 1727 malis
1211 1701 1376 1735 terreant,
1395 1693 1710 1738 charismatumque
1726 1692 1802 1738 ejus
1818 1690 1883 1725 fla-

472 1749 608 1795 grantia
630 1749 673 1784 ad
705 1749 917 1784 currendum
935 1757 1015 1796 post
1033 1757 1066 1784 te
1083 1748 1121 1785 iu
1143 1748 1255 1784 odore
1278 1757 1539 1796 unguentorum
1561 1758 1705 1784 tuorum
1729 1760 1783 1782 me
1806 1760 1886 1794 per-

472 1806 607 1852 trahat,
630 1806 743 1841 imber
769 1805 939 1841 doctrinae
967 1807 1042 1853 ejus
1073 1806 1143 1840 mei
1171 1805 1289 1841 cordis
1316 1805 1481 1841 duritiam
1511 1804 1693 1848 infundat,
1721 1804 1886 1850 omnique

473 1863 595 1909 gratia,
613 1875 719 1909 quam
736 1863 798 1898 abs
821 1871 855 1898 te
872 1863 960 1897 boni
978 1871 1121 1898 auctore
1145 1862 1293 1910 accepit,
1319 1861 1366 1898 ad
1383 1874 1467 1897 meae
1496 1861 1658 1909 proficiat
1689 1860 1886 1895 devotionis

473 1928 575 1965 atque
593 1919 713 1961 salutis
733 1928 977 1964 augmentum.
996 1920 1063 1954 Per
1081 1918 1306 1955 eumdem...

978 2051 1097 2086 PAors
1115 2049 1192 2086 189
1214 2061 1259 2085 ιτ
1285 2050 1377 2087 409.

527 2164 584 2199 En
607 2162 792 2213 quelques
814 2176 932 2215 pages
952 2156 1138 2216 Gregoire
1157 2163 1204 2201 de
1223 2165 1343 2201 Tours
1362 2161 1428 2200 fait
1443 2160 1545 2199 deux
1565 2159 1637 2198 fois
1654 2159 1816 2197 allusion
1835 2172 1883 2196 au

477 2235 604 2266 verset
638 2227 686 2265 de
713 2228 811 2266 saint
838 2228 1020 2267 Matthieu
1046 2233 1147 2277 (xm,
1175 2229 1241 2276 28)
1268 2228 1299 2266 si
1326 2226 1581 2265 bizarrement
1607 2224 1886 2276 quintessencie

473 2306 544 2344 par
561 2292 660 2331 saint
677 2293 880 2344 Augustin.
899 2291 1006 2332 Cette
1022 2302 1123 2333 sorte
1142 2293 1190 2332 de
1197 2292 1262 2342 J'eu
1278 2292 1326 2331 de
1340 2292 1494 2330 chiffres
1512 2291 1721 2329 consistant
1739 2292 1760 2328 a
1778 2302 1882 2327 com-

473 2367 587 2406 parer
606 2355 660 2393 les
680 2355 772 2393 trois
791 2354 927 2408 degres
953 2356 1001 2395 de
1020 2357 1056 2395 la
1073 2364 1184 2395 vertu
1202 2355 1424 2394 chretienne
1441 2370 1450 2391 ·.
1469 2356 1664 2405 Veuvage,
1681 2351 1882 2404 Virginite‚

471 2419 654 2468 Martyre‚
675 2419 698 2455 a
717 2416 754 2456 la
774 2416 902 2456 bonne
920 2431 1096 2457 semence
1116 2418 1181 2470 qui
1204 2417 1358 2469 produit
1381 2425 1518 2467 trente,
1539 2415 1711 2454 soixante
1730 2428 1781 2452 ou
1798 2421 1886 2452 cent

471 2479 615 2531 grains,
640 2477 764 2530 parait
789 2479 898 2517 avoir
920 2480 980 2518 ete'
1008 2479 1312 2532 tres-populaire
1342 2480 1437 2517 dans
1462 2479 1516 2517 les
1538 2477 1724 2529 premiers
1752 2477 1886 2515 siecles

472 2541 523 2580 du
535 2554 675 2592 moyen
687 2543 770 2593 Age.
786 2544 891 2581 Nous
906 2551 1090 2581 trouvons
1103 2542 1199 2581 dans
1212 2543 1267 2581 les
1283 2542 1431 2594 poesies
1442 2542 1490 2581 de
1499 2539 1726 2591 'theodulfe
1738 2540 1885 2590 eveque

471 2603 684 2649 d'Orleans,
706 2604 788 2642 l'un
810 2603 877 2643 des
901 2613 1054 2644 savants
1071 2605 1119 2643 de
1150 2607 1187 2644 la
1213 2618 1306 2644 cour
1325 2605 1372 2643 de
1393 2604 1686 2655 Charlemagne,
1710 2602 1766 2640 les
1793 2601 1886 2652 dys-

472 2665 596 2716 tiques
618 2665 798 2704 suivants
822 2679 898 2718 que
917 2680 1016 2705 nous
1037 2680 1087 2706 ne
1107 2680 1206 2706 nous
1227 2667 1441 2720 chargeons
1468 2679 1537 2718 pas
1565 2665 1614 2703 de
1640 2662 1823 2711 uadnire,
1848 2671 1886 2701 et

473 2727 567 2767 dont
593 2728 879 2781 l'enigmatique
911 2729 1103 2768 obscurite
1137 2743 1235 2769 nous
1260 2728 1383 2782 pan-ait
1413 2728 1598 2780 provenit·
1625 2727 1674 2766 de
1702 2739 1746 2765 ce
1769 2726 1883 2777 qu’ils
