2028 3458
457 352 534 389 164
669 352 736 388 DE
766 348 1058 387 VIRTUTIBUS
1092 346 1264 384 SANCTI
1294 348 1659 386 MART1N1.-11.

456 441 638 497 Quarto
676 448 837 487 autem
874 436 951 483 die
991 435 1159 482 oculus
1190 435 1273 499 qui
1306 445 1574 500 crepuerat,
1616 434 1874 483 reformato

457 518 576 579 visu,
605 517 832 583 aperitur.
857 514 952 572 Qui
975 513 1084 560 licet
1117 530 1217 560 non
1257 522 1353 560 tam
1389 513 1545 561 clarus
1578 523 1801 561 cernatur
1824 522 1876 559 ut

453 595 588 654 alter,
615 594 810 641 luminis
835 602 993 640 tamen
1011 590 1302 638 beneficium
1324 591 1519 656 praebet.

1009 718 1167 754 CAPUT
1192 717 1308 752 XLII.

877 804 930 836 De
949 815 1055 836 manu
1074 801 1229 836 hominis
1245 809 1439 837 contracta.

509 880 689 927 Debilis
714 879 936 944 quidam,
960 879 1095 943 cujus
1118 895 1289 926 manus
1315 888 1562 926 contracta
1587 878 1872 943 diriguerat,

442 959 560 1006 dum
596 958 644 1004 in
683 957 830 1018 atrio,
858 956 993 1021 quod
1028 966 1139 1004 ante
1171 957 1298 1004 beati
1336 955 1610 1021 sepulcrum
1647 956 1872 1015 habetur,

441 1045 600 1083 oraret
627 1044 831 1096 attente,
858 1036 907 1082 in
940 1044 1102 1082 sancta
1138 1034 1239 1098 ejus
1271 1034 1431 1098 vigilia
1454 1034 1668 1082 visitatus
1691 1044 1778 1094 est,
1807 1034 1879 1080 di-

440 1113 676 1177 rectisque
710 1112 864 1176 digitis
899 1129 1071 1160 manus
1107 1113 1211 1176 ejus
1241 1112 1303 1159 ad
1332 1129 1473 1159 usum
1503 1112 1757 1177 pristinum
1794 1130 1878 1160 re-

439 1192 604 1239 stituta
623 1190 885 1239 convaluit.

1000 1297 1159 1333 CAPUT
1184 1297 1321 1332 XLIII.

956 1373 1008 1406 De
1023 1372 1176 1419 puerulo
1196 1371 1374 1406 suscitato.

508 1458 551 1502 O
584 1455 772 1519 quoties
798 1454 877 1500 hic
907 1453 1254 1519 prophetarum
1288 1464 1335 1501 et
1370 1453 1649 1500 sublimium
1680 1454 1879 1501 virtutes

446 1533 680 1591 virorum,
701 1548 820 1595 quas
838 1531 954 1577 olim
971 1540 1123 1594 gestas
1136 1530 1353 1594 legimus,
1372 1532 1594 1579 renovari
1614 1529 1878 1577 miramur?

446 1610 539 1657 Sed
558 1609 676 1674 quid
696 1609 927 1673 inquam?
956 1608 1101 1666 Quod
1127 1609 1175 1654 hi
1193 1608 1332 1656 multi
1357 1608 1573 1656 fecerunt
1591 1609 1807 1655 viventes
1831 1607 1880 1653 in

446 1688 621 1734 saeculo
636 1722 648 1746 ,
676 1686 754 1733 hic
777 1687 909 1733 solus
934 1696 1134 1733 renovat
1157 1686 1398 1749 quotidie,
1425 1686 1568 1733 etiam
1591 1697 1700 1751 post
1722 1685 1882 1750 sepul-

447 1779 602 1809 crum.
630 1761 759 1818 Quid
794 1777 907 1824 ergo
932 1761 1145 1825 agimus?
1176 1761 1294 1825 quid
1319 1761 1550 1808 silemus?
1577 1761 1694 1826 quid
1724 1759 1884 1807 occul-

449 1846 606 1884 tamus
627 1836 769 1901 pauci
790 1835 925 1900 quod
948 1836 1116 1901 populi
1139 1835 1411 1883 declamant
1436 1835 1608 1883 multi?
1644 1839 1750 1883 Non
1778 1835 1884 1882 diu-

450 1910 543 1958 tius
581 1911 631 1958 in
671 1910 762 1958 hac
801 1911 1004 1957 statione
1046 1927 1310 1957 moremur.
1356 1910 1660 1959 Proferamus
1700 1925 1883 1956 novum

453 1989 671 2035 Elisaeum
706 1987 879 2035 saeculo
913 1997 1108 2046 nostro,
1141 1988 1225 2052 qui
1256 1987 1462 2035 cadaver
1485 1987 1697 2034 defuncti
1720 1987 1884 2033 vivum

453 2066 635 2113 remisit
662 2081 691 2112 a
725 2067 1101 2112 monumento¹:
1139 2064 1189 2111 id
1218 2081 1414 2129 quoque
1447 2064 1616 2112 beatus
1639 2064 1885 2110 confessor

457 2143 598 2190 nobis
621 2142 933 2208 proesentibus
956 2151 1180 2207 operatus
1203 2152 1289 2190 est.
1321 2145 1437 2199 Quae
1467 2142 1596 2189 enim
1619 2157 1762 2189 causa
1786 2141 1885 2187 sue—

457 2222 535 2279 rit,
563 2221 856 2285 adjutorium
879 2219 1138 2267 individuae
1164 2219 1404 2267 Trinitatis
1435 2219 1714 2283 efflagitans,
1742 2217 1887 2282 expli-

459 2298 598 2347 cabo.
628 2299 749 2345 Puer
772 2297 981 2360 genitus,
1008 2296 1128 2344 lacte
1159 2306 1378 2344 materno
1408 2296 1685 2355 deficiente,
1712 2296 1885 2342 nutrici

460 2376 521 2423 ad
545 2373 772 2423 alendum
797 2373 955 2421 datur.
984 2376 1100 2431 Quae
1122 2373 1217 2421 hoc
1239 2373 1426 2438 liquore
1451 2373 1619 2421 sterilis
1643 2373 1760 2420 dum
1784 2388 1884 2420 non

461 2452 675 2517 copiose,
703 2460 756 2498 ut
778 2451 843 2498 illi
864 2451 1061 2499 aetatulae
1080 2461 1410 2517 opportunum
1430 2462 1517 2510 est,
1540 2452 1673 2500 lactis
1694 2451 1888 2498 alimen-

463 2539 565 2575 tum
585 2528 838 2589 ministrat,
865 2529 1008 2593 coepit
1030 2530 1114 2593 qui
1136 2528 1371 2594 proficere
1394 2529 1642 2589 debuerat,
1666 2529 1744 2577 die
1771 2545 1888 2594 prae-

461 2615 707 2664 tereunte,
749 2605 1047 2665 decrescere,
1087 2615 1134 2653 et
1169 2606 1233 2653 ita
1271 2607 1446 2666 minui,
1486 2616 1538 2653 ut
1576 2606 1697 2653 nihil
1738 2607 1786 2653 in
1828 2623 1886 2653 eo

461 2683 667 2749 amplius
692 2699 837 2746 quam
860 2683 994 2748 pellis
1017 2684 1197 2743 tenuiS,
1220 2700 1324 2748 quae
1347 2685 1448 2749 ejus
1469 2684 1629 2732 ossula
1648 2683 1749 2732 sola
1771 2700 1886 2731 con-

515 2829 570 2875 (1)
592 2829 641 2865 IV
662 2828 759 2877 Reg.
782 2840 877 2875 xm,
897 2828 961 2864 21.
