2028 3458
479 283 530 321 26
703 282 768 318 DE
795 279 1086 317 VIRTUTIBUS
1114 279 1285 316 SANCTI
1314 278 1536 317 MARTINI.
1559 300 1612 307 —
1634 280 1667 316 1.

475 370 677 435 'vigilata
699 370 905 434 denique
928 368 1018 415 alia
1039 376 1196 427 nocte,
1220 382 1360 415 mane
1376 375 1628 429 tentantes,
1649 368 1768 416 nihil
1787 386 1892 417 om-

477 448 595 495 nino
629 464 767 511 agere
794 454 1072 512 potuerunt.
1106 447 1239 491 Tunc
1271 443 1546 492 conturbati
1574 454 1716 510 atque
1742 457 1892 494 exter-

476 527 551 574 riti
575 526 691 592 quid
716 525 923 572 facerent
953 521 1244 570 nesciebant.
1280 522 1405 569 Dicit
1427 522 1495 570 eis
1517 540 1642 571 unus
1663 541 1721 572 ex
1746 525 1891 573 cleri-

476 606 543 652 cis
562 624 572 652 :
594 624 615 648 α
631 603 765 650 Scitis
787 602 898 666 quia
921 610 1030 666 post
1050 599 1145 647 hoc
1168 599 1381 646 triduum
1406 600 1574 649 natalis
1592 602 1893 668 episcopatus

476 684 578 748 ejus
600 698 698 730 esse
723 688 1035 727 consueverat
1060 697 1069 726 τ
1100 688 1145 725 et
1169 677 1365 725 forsitan
1390 679 1438 725 in
1460 678 1552 727 hac
1573 679 1651 727 die
1672 697 1722 728 se
1744 690 1893 729 trans—

476 761 584 808 ferri
604 759 778 808 debere
796 775 882 806 vos
904 757 1152 805 admonet.
1175 776 1197 800 ›>
1223 759 1354 804 Tunc
1372 757 1561 822 jejuniis
1583 774 1638 805 ac
1661 758 1893 807 orationi-

473 838 562 886 bus
597 849 643 886 et
666 838 769 902 jugi
794 833 1047 903 psallentio
1084 835 1162 883 die
1199 844 1444 900 noctuque
1482 836 1775 898 insistentes,
1809 839 1890 885 tri-

474 915 623 962 duum
646 914 764 962 illud
788 910 1108 962 continuatim
1136 911 1394 960 duxerunt.
1421 914 1604 972 Quarta
1630 924 1791 961 autem
1814 915 1891 963 die

473 993 768 1052 accedentes,
796 1001 1127 1058 ponentesque
1159 1000 1353 1053 manus,
1377 1007 1478 1038 non
1513 990 1735 1039 valebant
1760 993 1892 1058 peni-

472 1081 547 1119 tus
565 1088 757 1120 movere
781 1070 1071 1136 sepulcrum.
1096 1072 1280 1117 Pavore
1297 1079 1459 1117 autem
1475 1086 1645 1117 omnes
1663 1071 1887 1133 exterriti,

466 1150 566 1213 jam
589 1150 637 1196 in
654 1149 749 1197 hoc
765 1158 957 1207 stantes,
980 1157 1034 1195 ut
1056 1157 1180 1195 terra
1197 1147 1443 1195 vasculum
1464 1146 1596 1212 quod
1616 1147 1891 1197 detexerant

472 1228 737 1293 operirent,
764 1227 985 1294 apparuit
1016 1226 1083 1274 eis
1110 1225 1386 1274 veneranda
1417 1226 1590 1274 canitie
1625 1243 1796 1288 senex,
1828 1227 1888 1274 ad

470 1306 618 1353 instar
639 1306 759 1353 nivis
782 1305 1043 1353 candorem
1072 1304 1303 1366 efferens,
1334 1303 1501 1352 dicens
1531 1321 1584 1352 se
1615 1321 1718 1352 esse
1740 1305 1888 1353 abba-

470 1393 586 1444 tem,
602 1394 649 1432 et
666 1384 731 1431 ait
749 1384 815 1432 eis
838 1402 849 1430 :
875 1404 899 1428 α
914 1387 1075 1448 Usque
1085 1400 1184 1448 quo
1203 1382 1578 1444 conturbamini,
1597 1392 1645 1430 et
1663 1383 1889 1431 tardatis?

470 1465 576 1510 Non
613 1461 782 1510 videtis
818 1462 1055 1510 domnum
1086 1462 1344 1509 Martinum
1372 1471 1577 1509 stantem
1611 1478 1698 1509 vos
1721 1461 1890 1525 juvare

469 1550 704 1605 paratum,
726 1540 763 1587 si
782 1555 953 1586 manus
972 1539 1214 1604 apponitis
1233 1539 1252 1585 ἱ)
1274 1559 1296 1582 »
1321 1541 1471 1598 Tunc,
1488 1540 1672 1604 jactans
1691 1538 1889 1603 pallium

468 1635 566 1683 quo
600 1617 847 1678 utebatur,
875 1619 1034 1683 posuit
1070 1634 1270 1666 manum
1304 1618 1367 1666 ad
1398 1617 1749 1683 sarcophagum
1777 1634 1890 1665 cum

467 1695 662 1759 reliquis
684 1695 1036 1757 sacerdotibus,
1064 1695 1287 1743 crucibus
1309 1696 1487 1761 paratis
1507 1711 1564 1742 ac
1595 1695 1767 1755 cereis,
1796 1695 1888 1742 im-

466 1772 717 1837 positaque
741 1773 1007 1838 antiphona
1023 1810 1035 1831 ,
1060 1772 1301 1820 dederunt
1322 1772 1484 1820 cuncti
1506 1788 1649 1819 voces
1677 1771 1889 1837 psallen-

467 1851 587 1896 tium
612 1851 662 1897 in
686 1850 888 1898 excelso.
915 1853 1038 1897 Tum
1059 1851 1122 1897 ad
1144 1852 1271 1898 senis
1292 1860 1521 1898 conatum
1547 1851 1888 1916 protinus'sar-

467 1928 742 1994 cophagum
764 1945 873 1976 cum
898 1945 1089 1977 summa
1117 1928 1308 1976 levitate
1335 1938 1660 1989 commotum,
1698 1929 1746 1975 in
1778 1928 1887 1975 loco

467 2005 551 2053 ubi
582 2023 711 2053 nunc
745 2006 1000 2068 adoratur,
1039 2007 1251 2067 Domino
1285 2016 1555 2068 annuente,
1590 2006 1887 2071 perducitur.

467 2086 576 2142 Quo
599 2084 661 2132 ad
679 2086 973 2134 voluntatem
994 2085 1254 2154 sacerdotis
1275 2085 1563 2151 composito,
1584 2085 1723 2133 dictis
1743 2085 1888 2133 etiam

468 2163 638 2223 missis,
663 2174 715 2211 ut
736 2175 933 2213 ventum
956 2175 1027 2213 est
1049 2164 1111 2212 ad
1139 2165 1415 2213 convivium
1431 2200 1444 2224 ,
1470 2164 1766 2229 requirentes
1796 2164 1889 2211 sol-

467 2240 594 2287 licite
630 2257 822 2302 senem,
857 2258 1165 2307 nequaquam
1194 2242 1456 2308 reperiunt.
1494 2241 1589 2289 Sed
1621 2258 1711 2288 nec
1735 2241 1886 2288 homo

467 2318 663 2381 quidem
691 2320 890 2379 exstitit,
926 2321 1011 2384 qui
1045 2337 1157 2368 eum
1192 2321 1253 2367 de
1285 2320 1478 2368 basilica
1512 2320 1640 2367 exire
1672 2320 1883 2368 vidisset.

468 2396 623 2443 Credo
647 2397 852 2462 aliquam
877 2391 1018 2446 fuisse
1044 2400 1267 2446 virtutem
1287 2399 1568 2462 angelicam,
1593 2415 1698 2462 quae
1717 2408 1764 2446 et
1780 2398 1888 2447 bea-

467 2482 569 2519 tum
603 2473 759 2521 virum
792 2490 841 2522 se
873 2475 1046 2524 vidisse
1069 2477 1401 2542 pronuntiavit
1434 2486 1481 2524 et
1511 2475 1738 2541 deinceps
1767 2476 1887 2523 nulli

467 2554 751 2616 comparuit.
790 2556 841 2599 ln
882 2571 979 2618 quo
1017 2555 1128 2602 loco
1171 2572 1226 2602 ex
1266 2555 1345 2602 illa
1382 2554 1460 2601 die
1494 2554 1654 2601 multae
1690 2555 1886 2601 virtutes

467 2627 597 2675 factae
628 2640 762 2691 sunt,
789 2648 894 2695 quae
922 2649 1007 2697 per
1035 2632 1372 2697 negligentiam
1404 2649 1503 2680 non
1536 2642 1647 2680 sunt
1679 2633 1880 2698 scriptae.

469 2708 565 2754 Nos
587 2724 701 2758 vero
728 2719 959 2772 quantum
989 2720 1206 2776 tempore
1228 2720 1394 2759 nostro
1418 2721 1500 2760 aut
1522 2710 1625 2758 fieri
1646 2709 1853 2758 vidimus
1871 2749 1881 2768 ‚

469 2793 550 2831 aut
574 2784 747 2831 sactum
770 2796 896 2833 certe
919 2789 1248 2852 cognovimus,
1273 2787 1410 2836 silere
1429 2788 1746 2853 nequivimus.
