2028 3458
415 305 491 340 126
627 305 694 341 DE
722 302 1018 341 VIRTUTIBUS
1048 301 1221 338 SANCTI
1249 301 1475 338 MARTINI.
1496 322 1548 329 —
1569 302 1623 339 11.

413 400 523 439 rant
543 407 691 456 quam
710 389 923 450 medelae,
945 405 1055 438 cum
1073 389 1279 439 distento
1299 389 1624 453 transfixoque
1646 388 1840 454 spiculis

417 468 578 529 oculo,
617 469 748 534 prius
785 467 954 514 mortis
987 476 1232 515 tormenta
1263 466 1468 532 figurent
1502 484 1647 532 quam
1675 466 1840 515 lumen

416 546 668 611 aperiant?
693 548 745 591 In
767 561 865 609 quo
891 544 929 591 si
951 543 1135 591 cautela
1161 543 1390 605 fefellerit,
1417 554 1644 592 aeternam
1667 544 1841 591 misero

416 634 649 690 praeparat
671 625 946 671 caecitatem.
974 623 1097 670 Huic
1123 632 1283 670 autem
1303 622 1446 670 beato
1470 622 1734 670 confessori
1754 638 1842 669 vo-

420 702 574 751 luntas
595 702 936 750 ferramentum
958 710 1052 763 est,
1080 709 1130 751 et
1149 699 1250 749 sola
1272 701 1422 749 virtus
1446 710 1759 766 unguentum.

988 867 1147 904 CAPUT
1173 867 1256 904 XX.

859 965 912 1000 De
929 964 1116 1001 Desiderio
1133 976 1373 1013 energumeno
1390 965 1417 1002 ¹.

485 1063 538 1107 In
575 1077 671 1125 qua
709 1060 881 1109 cellula
923 1078 1038 1108 cum
1083 1060 1357 1110 Desiderius
1397 1075 1750 1123 energumenus
1788 1075 1846 1105 ex

420 1142 631 1186 Arverno
662 1139 876 1197 veniens,
913 1148 1057 1187 nocte
1093 1139 1279 1202 integra
1308 1137 1665 1195 debacchasset,
1704 1151 1847 1183 mane

421 1218 560 1278 facto,
584 1218 728 1282 coepit
746 1216 1016 1265 declamare
1039 1216 1173 1281 quod
1198 1234 1310 1263 eum
1333 1216 1500 1264 beatus
1524 1215 1755 1263 Martinus
1778 1214 1847 1259 in-

420 1295 662 1343 cenderet.
689 1299 742 1342 In
762 1295 836 1342 his
857 1295 1059 1343 vocibus
1090 1311 1321 1342 evomens
1340 1294 1650 1360 purulentum
1684 1292 1847 1338 nescio

421 1373 540 1437 quid
577 1390 689 1420 cum
718 1374 978 1437 sanguine,
1008 1373 1228 1421 daemone
1262 1373 1414 1437 ejecto
1433 1410 1445 1432 ‚
1482 1380 1711 1438 purgatus
1743 1379 1843 1429 est;

422 1450 745 1516 infectumque
778 1452 908 1498 sanie
942 1450 1194 1518 pulverem
1226 1449 1585 1515 derelinquens,
1623 1447 1847 1495 cellulam

423 1545 613 1593 egresus
635 1539 706 1576 est
727 1545 889 1577 sanus.

988 1667 1146 1703 CAPUT
1170 1667 1273 1703 XXI.

731 1764 784 1798 De
799 1763 945 1799 homine
960 1776 1109 1799 manum
1127 1772 1348 1799 contractam
1370 1763 1537 1799 habente.

490 1857 699 1916 Quidam
724 1859 773 1905 in
793 1859 968 1907 eodem
992 1860 1102 1907 loco
1127 1876 1328 1908 manum
1359 1857 1571 1907 debilem
1594 1855 1852 1904 contractis

424 1936 581 1999 digitis
610 1937 800 1998 detulit,
827 1938 893 1986 ita
923 1948 974 1985 ut
994 1955 1181 2002 ungues
1203 1939 1253 1986 in
1276 1939 1437 2003 palma
1462 1938 1563 2002 ejus
1591 1936 1744 1995 affixi,
1770 1934 1852 1982 de-

424 2024 644 2062 currente
692 2014 952 2075 interdum,
983 2016 1247 2078 sanguine,
1293 2015 1516 2063 dolorem
1558 2014 1601 2061 ei
1646 2013 1850 2060 nimium

426 2100 722 2155 generarent.
751 2092 838 2139 Hic
865 2092 1121 2157 projiciens
1150 2109 1200 2139 sc
1233 2091 1296 2139 ad
1330 2092 1625 2140 antedictum
1658 2089 1852 2153 gloriosi

426 2169 594 2216 domni
611 2168 854 2225 lectulum,
882 2170 1001 2217 flens
1029 2180 1074 2216 et
1095 2170 1377 2235 deprecans,
1407 2181 1503 2218 tam
1529 2170 1698 2216 dolore
1719 2168 1851 2215 insti-

428 2256 566 2310 gante
589 2262 735 2310 quam
758 2246 880 2306 fide,
906 2244 1102 2313 postera
1121 2247 1199 2294 die
1220 2247 1412 2296 directis
1450 2248 1625 2312 digitis,
1653 2262 1850 2294 manum

427 2324 606 2389 recepit
629 2324 939 2373 incolumem.

988 2456 1146 2492 CAPUT
1170 2457 1292 2494 XXII.

932 2551 985 2585 De
1001 2551 1161 2598 Remigia
1174 2560 1347 2588 matrona.

494 2644 706 2693 Similem
732 2643 1058 2694 infirmitatem
1084 2649 1297 2712 Remigia
1325 2658 1547 2696 matrona
1579 2649 1846 2703 incurrens,

481 2806 535 2855 (1)
554 2804 678 2844 cl.-F.
700 2807 947 2857 inergymino.
966 2806 1062 2846 Vide
1078 2808 1243 2860 praeced.
1269 2817 1381 2856 tom.,
1404 2824 1444 2863 p.
1471 2813 1537 2859 128,
1560 2825 1599 2849 n.
1622 2814 1662 2851 2.
