2028 3458
474 268 550 305 28ss
686 269 752 304 DE
782 266 1076 304 VIRTUTIBUS
1107 267 1280 304 SANCTI
1307 266 1586 304 MARTINL—
1602 267 1667 303 lv.

475 355 536 402 de
572 371 665 419 qua
694 370 837 420 super
871 353 1155 416 frigoriticos
1178 354 1328 400 virtus
1361 370 1483 419 saepe
1506 353 1742 420 procedit.
1774 357 1893 401 Nam

474 436 522 481 in
558 451 748 481 accessu
783 432 989 480 febrium
1024 433 1131 496 quis
1177 433 1386 498 positus,
1422 434 1506 498 qui
1544 451 1655 481 cum
1686 443 1894 481 tremore

474 508 575 555 fieri
599 508 735 565 solet,
763 507 801 554 si
819 506 1083 567 advenerit,
1107 517 1155 554 et
1173 507 1234 554 de
1259 524 1315 555 ea
1335 524 1511 572 aquam
1533 508 1760 569 hauserit,
1782 525 1894 556 mox

473 594 679 632 sanatur.
709 587 790 631 Est
814 594 860 630 et
882 583 1012 648 apud
1038 583 1418 632 Condatensem¹
1442 587 1622 647 vicum,
1652 586 1742 633 alia
1766 603 1896 650 quo-

473 678 566 726 que
594 671 766 726 patena
800 678 827 708 a
853 670 1021 708 sancto
1049 660 1258 708 exhibita
1291 661 1756 725 metallocrystallina
1777 663 1807 721 ²,
1832 663 1892 708 si-

471 744 584 791 mile
606 743 807 790 infirmis
839 742 1127 790 beneficium
1151 743 1386 809 praebens,
1418 744 1457 791 si
1483 743 1684 791 fideliter
1706 754 1895 809 expeta-

473 832 567 868 tur.
596 821 778 869 Bodillo
808 838 933 868 unus
961 820 1022 868 de
1050 821 1248 869 notariis
1282 822 1476 882 nostris,
1510 838 1623 869 cum
1658 821 1894 869 stomachi

474 896 753 944 lassitudine
790 897 953 944 animo
986 896 1203 943 turbatus
1241 907 1367 959 erat,
1392 897 1459 944 ita
1489 906 1543 943 ut
1574 912 1663 943 nec
1691 895 1896 943 scribere

472 974 607 1038 juxta
638 973 1035 1021 consuetudinem
1074 974 1252 1022 valeret
1298 990 1389 1021 nec
1432 975 1671 1039 excipere,
1709 983 1755 1020 et
1792 990 1896 1037 quae

474 1053 518 1099 ei
546 1050 853 1100 dictabantur
880 1052 959 1099 vix
995 1062 1182 1117 poterat
1214 1069 1487 1112 recensere,
1513 1062 1634 1099 tunc
1668 1068 1781 1098 cum
1817 1068 1899 1098 sae-

475 1130 582 1194 pius
610 1128 769 1176 verbis
800 1129 1146 1193 increparetur,
1172 1146 1317 1194 super
1343 1129 1471 1176 hanc
1492 1129 1622 1177 beati
1644 1129 1734 1176 viri
1767 1139 1898 1194 pate-

476 1223 608 1267 nam,
637 1223 783 1271 quam
806 1206 1062 1254 nobiscum
1084 1223 1185 1255 esse
1208 1207 1439 1267 diximus,
1466 1223 1640 1270 aquam
1665 1205 1804 1266 fudit,
1828 1206 1899 1270 ip-

477 1301 674 1348 samque
697 1301 781 1331 ore
804 1284 1089 1349 transponit.
1114 1287 1223 1331 Mox
1240 1285 1398 1331 sensui
1415 1301 1503 1331 suo
1524 1283 1756 1344 redditus,
1775 1300 1897 1348 opus

478 1361 622 1409 officii
644 1363 858 1426 sagacius
880 1378 1026 1426 quam
1047 1371 1379 1424 consueverat,
1398 1361 1695 1427 expediebat.

1068 1547 1226 1583 CAPUT
1251 1548 1321 1585 XI.

821 1647 875 1681 De
890 1645 1082 1689 Bliderico‚
1105 1646 1162 1680 cui
1178 1646 1242 1681 filii
1257 1659 1331 1681 non
1348 1654 1447 1681 erant
1463 1646 1551 1684 dati.

543 1740 637 1789 Sed
668 1739 784 1804 quid
818 1739 1009 1799 mirum,
1038 1739 1075 1786 si
1111 1755 1308 1786 sensum
1339 1738 1624 1787 adversitate
1653 1738 1898 1786 turbatum

477 1819 646 1866 reddat
668 1816 947 1864 hominibus
961 1856 974 1874 ,
1002 1817 1083 1881 qui
1105 1817 1274 1882 saepius
1296 1811 1588 1865 sterilitatem
1612 1818 1659 1864 in
1689 1817 1900 1864 fecundi-

476 1906 621 1944 tatem
641 1894 914 1943 convertit?
940 1894 1198 1941 Blidericus
1220 1897 1234 1920 ³
1252 1894 1470 1959 quidam,
1490 1894 1748 1942 Carnoteni
1771 1895 1901 1942 terri-

477 1974 587 2020 torii
608 1974 739 2030 civis,
766 1981 961 2037 accepta
992 1988 1159 2026 uxore,
1188 1982 1241 2019 ut
1271 1972 1405 2019 dono
1438 1972 1524 2019 Dei
1556 1973 1900 2037 procreationis

460 2068 574 2118 ,suae
606 2051 743 2116 prole
774 2049 1006 2097 ditaretur
1036 2049 1229 2108 orabat3
1255 2050 1338 2097 sed
1363 2049 1483 2096 nihil
1506 2066 1563 2097 ex
1586 2066 1641 2097 ea
1676 2049 1900 2114 germinis

477 2129 750 2177 merebatur
777 2128 1010 2192 accipere.
1043 2128 1327 2175 Tricesimus
1354 2128 1531 2174 etenim
1563 2143 1719 2174 annus
1749 2127 1899 2174 curri-

470 2199 638 2254 'culum
665 2205 954 2270 expedierat,
982 2222 1132 2253 uxore
1154 2206 1299 2253 sterili
1323 2215 1635 2271 permanente
1653 2243 1664 2265 ‚
1690 2222 1803 2252 cum
1828 2205 1900 2251 vir

477 2283 784 2331 saluberrime
808 2299 897 2347 pro
917 2283 1085 2330 animae
1109 2282 1371 2329 commodo
1394 2292 1616 2342 tractans,
1639 2283 1705 2329 ait
1725 2282 1863 2329 uxori
1884 2300 1894 2327 ε

482 2382 505 2404 <‹
535 2364 655 2408 Ecce
677 2360 902 2407 saeculum
935 2377 1033 2424 quo
1063 2361 1243 2407 utimur
1268 2361 1541 2425 praeteriens
1571 2370 1663 2421 est,
1691 2370 1737 2407 et
1769 2360 1899 2407 nulla

479 2438 601 2485 inter
635 2454 724 2484 nos
755 2438 947 2486 soboles
972 2438 1196 2502 gignitur,
1223 2455 1347 2502 quae,
1373 2437 1515 2484 nobis
1546 2438 1895 2496 deficientibus,

534 2630 593 2676 (1)
615 2629 719 2666 2204
741 2636 778 2664 et
796 2628 969 2679 plerique
987 2629 1049 2666 alii
1069 2631 1401 2671 Condatem-inu...
1426 2634 1573 2671 Bodilo.
1632 2667 1641 2678 Χ

531 2692 587 2739 (2)
606 2685 722 2737 E'diti,
745 2691 1064 2740 ltolocrjrstallina.
1095 2692 1175 2744 (R.)

533 2755 586 2801 (3)
607 2753 704 2791 Editi
721 2767 807 2791 cum
829 2754 948 2803 Clar.‚
970 2757 1200 2794 Bia-clericus.
1214 2756 1329 2802 Vict.‚
1347 2758 1595 2794 Belidericus.
1613 2759 1693 2804 (R.)
