<?xml version="1.0" encoding="UTF-8"?>
<!DOCTYPE html PUBLIC "-//W3C//DTD XHTML 1.0 Transitional//EN"
    "http://www.w3.org/TR/xhtml1/DTD/xhtml1-transitional.dtd">
<html xmlns="http://www.w3.org/1999/xhtml" xml:lang="en" lang="en">
 <head>
  <title>
</title>
<meta http-equiv="Content-Type" content="text/html;charset=utf-8" />
  <meta name='ocr-system' content='tesseract 3.04.00' />
  <meta name='ocr-capabilities' content='ocr_page ocr_carea ocr_par ocr_line ocrx_word'/>
</head>
<body>
  <div class='ocr_page' id='page_1' title='image "./leslivresdesmira02greguoft_0354.png"; bbox 0 0 2028 3458; ppageno 0'>
   <div class='ocr_carea' id='block_1_1' title="bbox 807 325 1642 373">
    <p class='ocr_par' dir='ltr' id='par_1_1' title="bbox 807 325 1642 373">
     <span class='ocr_line' id='line_1_1' title="bbox 807 325 1642 373; baseline 0.002 -3"><span class='ocrx_word' id='word_1_1' title='bbox 807 325 1030 370; x_wconf 86' lang='lat' dir='ltr'>GEORGII</span> <span class='ocrx_word' id='word_1_2' title='bbox 1063 326 1350 373; x_wconf 88' lang='lat' dir='ltr'><strong>FLORENTII</strong></span> <span class='ocrx_word' id='word_1_3' title='bbox 1382 327 1642 373; x_wconf 86' lang='lat' dir='ltr'>GREGORII</span> 
     </span>
    </p>
   </div>
   <div class='ocr_carea' id='block_1_2' title="bbox 966 495 1475 526">
    <p class='ocr_par' dir='ltr' id='par_1_2' title="bbox 966 495 1475 526">
     <span class='ocr_line' id='line_1_2' title="bbox 966 495 1475 526; baseline 0.004 -2"><span class='ocrx_word' id='word_1_4' title='bbox 966 495 1166 526; x_wconf 82' lang='lat' dir='ltr'>EPISCOPI</span> <span class='ocrx_word' id='word_1_5' title='bbox 1200 495 1475 526; x_wconf 83' lang='lat' dir='ltr'>TURONENSIS</span> 
     </span>
    </p>
   </div>
   <div class='ocr_carea' id='block_1_3' title="bbox 1189 643 1248 674">
    <p class='ocr_par' dir='ltr' id='par_1_3' title="bbox 1189 643 1248 674">
     <span class='ocr_line' id='line_1_3' title="bbox 1189 643 1248 674; baseline 0.017 -1"><span class='ocrx_word' id='word_1_6' title='bbox 1189 643 1248 674; x_wconf 85' lang='lat' dir='ltr'>DE</span> 
     </span>
    </p>
   </div>
   <div class='ocr_carea' id='block_1_4' title="bbox 553 783 1887 845">
    <p class='ocr_par' dir='ltr' id='par_1_4' title="bbox 553 783 1887 845">
     <span class='ocr_line' id='line_1_4' title="bbox 553 783 1887 845; baseline 0.001 -3"><span class='ocrx_word' id='word_1_7' title='bbox 553 783 832 843; x_wconf 87' lang='lat' dir='ltr'><strong>GLORIA</strong></span> <span class='ocrx_word' id='word_1_8' title='bbox 877 784 1279 844; x_wconf 87' lang='lat' dir='ltr'><strong>BEATORUM</strong></span> <span class='ocrx_word' id='word_1_9' title='bbox 1325 785 1887 845; x_wconf 83' lang='lat' dir='ltr'><strong>CONFESSORUM.</strong></span> 
     </span>
    </p>
   </div>
   <div class='ocr_carea' id='block_1_5' title="bbox 498 1382 1921 2844">
    <p class='ocr_par' dir='ltr' id='par_1_5' title="bbox 498 1382 1921 2844">
     <span class='ocr_line' id='line_1_5' title="bbox 571 1382 1921 1449; baseline -0.001 -20"><span class='ocrx_word' id='word_1_10' title='bbox 571 1384 718 1431; x_wconf 88' lang='lat' dir='ltr'>Pudet</span> <span class='ocrx_word' id='word_1_11' title='bbox 740 1384 995 1448; x_wconf 87' lang='lat' dir='ltr'>insipienti,</span> <span class='ocrx_word' id='word_1_12' title='bbox 1022 1383 1246 1449; x_wconf 84' lang='lat' dir='ltr'>reprobo,</span> <span class='ocrx_word' id='word_1_13' title='bbox 1273 1383 1594 1448; x_wconf 85' lang='lat' dir='ltr'>imperitoque</span> <span class='ocrx_word' id='word_1_14' title='bbox 1620 1392 1761 1446; x_wconf 85' lang='lat' dir='ltr'>atque</span> <span class='ocrx_word' id='word_1_15' title='bbox 1784 1382 1921 1429; x_wconf 88' lang='lat' dir='ltr'>inerti</span> 
     </span>
     <span class='ocr_line' id='line_1_6' title="bbox 506 1460 1921 1526; baseline -0.001 -19"><span class='ocrx_word' id='word_1_16' title='bbox 506 1461 624 1508; x_wconf 91' lang='lat' dir='ltr'>illud</span> <span class='ocrx_word' id='word_1_17' title='bbox 647 1461 843 1526; x_wconf 84' lang='lat' dir='ltr'>adgredi</span> <span class='ocrx_word' id='word_1_18' title='bbox 867 1461 999 1525; x_wconf 92' lang='lat' dir='ltr'>quod</span> <span class='ocrx_word' id='word_1_19' title='bbox 1034 1478 1133 1508; x_wconf 94' lang='lat' dir='ltr'>non</span> <span class='ocrx_word' id='word_1_20' title='bbox 1168 1471 1325 1526; x_wconf 86' lang='lat' dir='ltr'>potest</span> <span class='ocrx_word' id='word_1_21' title='bbox 1363 1461 1653 1525; x_wconf 87' lang='lat' dir='ltr'>adimplere:</span> <span class='ocrx_word' id='word_1_22' title='bbox 1689 1460 1773 1507; x_wconf 89' lang='lat' dir='ltr'>sed</span> <span class='ocrx_word' id='word_1_23' title='bbox 1806 1460 1921 1522; x_wconf 88' lang='lat' dir='ltr'>quid</span> 
     </span>
     <span class='ocr_line' id='line_1_7' title="bbox 504 1536 1918 1603; baseline -0.001 -20"><span class='ocrx_word' id='word_1_24' title='bbox 504 1538 709 1585; x_wconf 81' lang='lat' dir='ltr'>faciam?</span> <span class='ocrx_word' id='word_1_25' title='bbox 742 1538 873 1601; x_wconf 91' lang='lat' dir='ltr'>quod</span> <span class='ocrx_word' id='word_1_26' title='bbox 906 1537 1059 1585; x_wconf 87' lang='lat' dir='ltr'>occuli</span> <span class='ocrx_word' id='word_1_27' title='bbox 1094 1555 1193 1585; x_wconf 92' lang='lat' dir='ltr'>non</span> <span class='ocrx_word' id='word_1_28' title='bbox 1223 1538 1408 1603; x_wconf 84' lang='lat' dir='ltr'>patior,</span> <span class='ocrx_word' id='word_1_29' title='bbox 1441 1555 1546 1601; x_wconf 81' lang='lat' dir='ltr'>quae</span> <span class='ocrx_word' id='word_1_30' title='bbox 1575 1537 1634 1583; x_wconf 92' lang='lat' dir='ltr'>de</span> <span class='ocrx_word' id='word_1_31' title='bbox 1667 1536 1918 1583; x_wconf 88' lang='lat' dir='ltr'>beatorum</span> 
     </span>
     <span class='ocr_line' id='line_1_8' title="bbox 501 1613 1917 1679; baseline -0.002 -18"><span class='ocrx_word' id='word_1_32' title='bbox 501 1614 752 1661; x_wconf 86' lang='lat' dir='ltr'>virtutibus</span> <span class='ocrx_word' id='word_1_33' title='bbox 776 1614 850 1660; x_wconf 86' lang='lat' dir='ltr'>vel</span> <span class='ocrx_word' id='word_1_34' title='bbox 875 1614 973 1679; x_wconf 91' lang='lat' dir='ltr'>ipse</span> <span class='ocrx_word' id='word_1_35' title='bbox 1002 1614 1169 1678; x_wconf 84' lang='lat' dir='ltr'>saepius</span> <span class='ocrx_word' id='word_1_36' title='bbox 1198 1614 1396 1678; x_wconf 80' lang='lat' dir='ltr'>inspexi,</span> <span class='ocrx_word' id='word_1_37' title='bbox 1426 1614 1499 1660; x_wconf 89' lang='lat' dir='ltr'>vel</span> <span class='ocrx_word' id='word_1_38' title='bbox 1528 1629 1612 1677; x_wconf 88' lang='lat' dir='ltr'>per</span> <span class='ocrx_word' id='word_1_39' title='bbox 1640 1613 1917 1659; x_wconf 86' lang='lat' dir='ltr'>relationem</span> 
     </span>
     <span class='ocr_line' id='line_1_9' title="bbox 500 1690 1913 1755; baseline -0.001 -17"><span class='ocrx_word' id='word_1_40' title='bbox 500 1691 743 1739; x_wconf 87' lang='lat' dir='ltr'>bonorum</span> <span class='ocrx_word' id='word_1_41' title='bbox 781 1692 992 1738; x_wconf 87' lang='lat' dir='ltr'>virorum</span> <span class='ocrx_word' id='word_1_42' title='bbox 1023 1701 1070 1738; x_wconf 89' lang='lat' dir='ltr'>et</span> <span class='ocrx_word' id='word_1_43' title='bbox 1100 1700 1237 1738; x_wconf 85' lang='lat' dir='ltr'>certae</span> <span class='ocrx_word' id='word_1_44' title='bbox 1266 1691 1377 1739; x_wconf 84' lang='lat' dir='ltr'>fidei</span> <span class='ocrx_word' id='word_1_45' title='bbox 1411 1690 1655 1737; x_wconf 89' lang='lat' dir='ltr'>evidenter</span> <span class='ocrx_word' id='word_1_46' title='bbox 1678 1700 1803 1755; x_wconf 85' lang='lat' dir='ltr'>gesta</span> <span class='ocrx_word' id='word_1_47' title='bbox 1834 1707 1913 1736; x_wconf 92' lang='lat' dir='ltr'>co-</span> 
     </span>
     <span class='ocr_line' id='line_1_10' title="bbox 501 1772 1915 1837; baseline -0.001 -19"><span class='ocrx_word' id='word_1_48' title='bbox 501 1774 643 1836; x_wconf 78' lang='lat' dir='ltr'>gnovi</span> <span class='ocrx_word' id='word_1_49' title='bbox 667 1791 676 1818; x_wconf 93' lang='lat'><strong>:</strong></span> <span class='ocrx_word' id='word_1_50' title='bbox 706 1772 788 1820; x_wconf 90' lang='lat' dir='ltr'>sed</span> <span class='ocrx_word' id='word_1_51' title='bbox 823 1773 968 1819; x_wconf 89' lang='lat' dir='ltr'>timeo</span> <span class='ocrx_word' id='word_1_52' title='bbox 994 1790 1055 1819; x_wconf 87' lang='lat' dir='ltr'>ne</span> <span class='ocrx_word' id='word_1_53' title='bbox 1079 1789 1190 1819; x_wconf 89' lang='lat' dir='ltr'>cum</span> <span class='ocrx_word' id='word_1_54' title='bbox 1215 1772 1420 1819; x_wconf 88' lang='lat' dir='ltr'>scribere</span> <span class='ocrx_word' id='word_1_55' title='bbox 1443 1788 1650 1837; x_wconf 86' lang='lat' dir='ltr'>coepero,</span> <span class='ocrx_word' id='word_1_56' title='bbox 1679 1772 1787 1835; x_wconf 83' lang='lat' dir='ltr'>quia</span> <span class='ocrx_word' id='word_1_57' title='bbox 1811 1789 1915 1818; x_wconf 91' lang='lat' dir='ltr'>sum</span> 
     </span>
     <span class='ocr_line' id='line_1_11' title="bbox 501 1849 1915 1913; baseline -0.002 -16"><span class='ocrx_word' id='word_1_58' title='bbox 501 1851 602 1897; x_wconf 89' lang='lat' dir='ltr'>sine</span> <span class='ocrx_word' id='word_1_59' title='bbox 635 1849 799 1897; x_wconf 87' lang='lat' dir='ltr'>litteris</span> <span class='ocrx_word' id='word_1_60' title='bbox 831 1850 1079 1897; x_wconf 86' lang='lat' dir='ltr'>rhetoricis</span> <span class='ocrx_word' id='word_1_61' title='bbox 1108 1860 1152 1897; x_wconf 88' lang='lat' dir='ltr'>et</span> <span class='ocrx_word' id='word_1_62' title='bbox 1173 1860 1272 1897; x_wconf 87' lang='lat' dir='ltr'>arte</span> <span class='ocrx_word' id='word_1_63' title='bbox 1302 1850 1625 1913; x_wconf 85' lang='lat' dir='ltr'>grammatica,</span> <span class='ocrx_word' id='word_1_64' title='bbox 1651 1849 1776 1896; x_wconf 90' lang='lat' dir='ltr'>dicat</span> <span class='ocrx_word' id='word_1_65' title='bbox 1800 1849 1915 1895; x_wconf 87' lang='lat' dir='ltr'>mihi</span> 
     </span>
     <span class='ocr_line' id='line_1_12' title="bbox 500 1927 1915 1991; baseline -0.001 -17"><span class='ocrx_word' id='word_1_66' title='bbox 500 1928 668 1991; x_wconf 89' lang='lat' dir='ltr'>aliquis</span> <span class='ocrx_word' id='word_1_67' title='bbox 690 1946 700 1973; x_wconf 90' lang='lat'>:</span> <span class='ocrx_word' id='word_1_68' title='bbox 729 1948 750 1970; x_wconf 91' lang='lat'>«</span> <span class='ocrx_word' id='word_1_69' title='bbox 779 1929 899 1974; x_wconf 87' lang='lat' dir='ltr'>Ausu</span> <span class='ocrx_word' id='word_1_70' title='bbox 922 1929 1097 1974; x_wconf 92' lang='lat' dir='ltr'>rustico</span> <span class='ocrx_word' id='word_1_71' title='bbox 1118 1938 1163 1974; x_wconf 89' lang='lat' dir='ltr'>et</span> <span class='ocrx_word' id='word_1_72' title='bbox 1182 1928 1347 1988; x_wconf 89' lang='lat' dir='ltr'>idiota,</span> <span class='ocrx_word' id='word_1_73' title='bbox 1370 1938 1421 1974; x_wconf 88' lang='lat' dir='ltr'>ut</span> <span class='ocrx_word' id='word_1_74' title='bbox 1438 1927 1554 1991; x_wconf 86' lang='lat' dir='ltr'>quid</span> <span class='ocrx_word' id='word_1_75' title='bbox 1580 1943 1757 1974; x_wconf 89' lang='lat' dir='ltr'>nomen</span> <span class='ocrx_word' id='word_1_76' title='bbox 1778 1936 1915 1973; x_wconf 90' lang='lat' dir='ltr'>tuum</span> 
     </span>
     <span class='ocr_line' id='line_1_13' title="bbox 501 2004 1915 2069; baseline -0.001 -18"><span class='ocrx_word' id='word_1_77' title='bbox 501 2005 623 2051; x_wconf 86' lang='lat' dir='ltr'>inter</span> <span class='ocrx_word' id='word_1_78' title='bbox 644 2006 896 2069; x_wconf 84' lang='lat' dir='ltr'>scriptores</span> <span class='ocrx_word' id='word_1_79' title='bbox 921 2005 1018 2051; x_wconf 92' lang='lat' dir='ltr'>indi</span> <span class='ocrx_word' id='word_1_80' title='bbox 1043 2005 1277 2052; x_wconf 79' lang='lat' dir='ltr'>aestimas?</span> <span class='ocrx_word' id='word_1_81' title='bbox 1302 2008 1391 2051; x_wconf 81' lang='lat' dir='ltr'>Aut</span> <span class='ocrx_word' id='word_1_82' title='bbox 1426 2021 1549 2069; x_wconf 87' lang='lat' dir='ltr'>opus</span> <span class='ocrx_word' id='word_1_83' title='bbox 1575 2004 1667 2050; x_wconf 88' lang='lat' dir='ltr'>hoc</span> <span class='ocrx_word' id='word_1_84' title='bbox 1706 2020 1733 2050; x_wconf 90' lang='lat' dir='ltr'>a</span> <span class='ocrx_word' id='word_1_85' title='bbox 1757 2004 1915 2067; x_wconf 88' lang='lat' dir='ltr'>peritis</span> 
     </span>
     <span class='ocr_line' id='line_1_14' title="bbox 500 2081 1913 2146; baseline -0.001 -17"><span class='ocrx_word' id='word_1_86' title='bbox 500 2083 649 2146; x_wconf 89' lang='lat' dir='ltr'>accipi</span> <span class='ocrx_word' id='word_1_87' title='bbox 672 2092 831 2146; x_wconf 89' lang='lat' dir='ltr'>putas,</span> <span class='ocrx_word' id='word_1_88' title='bbox 864 2083 940 2128; x_wconf 87' lang='lat' dir='ltr'>cui</span> <span class='ocrx_word' id='word_1_89' title='bbox 964 2083 1209 2145; x_wconf 84' lang='lat' dir='ltr'>ingenium</span> <span class='ocrx_word' id='word_1_90' title='bbox 1232 2083 1342 2129; x_wconf 89' lang='lat' dir='ltr'>artis</span> <span class='ocrx_word' id='word_1_91' title='bbox 1374 2098 1472 2128; x_wconf 93' lang='lat' dir='ltr'>non</span> <span class='ocrx_word' id='word_1_92' title='bbox 1505 2081 1798 2146; x_wconf 87' lang='lat' dir='ltr'>suppeditat,</span> <span class='ocrx_word' id='word_1_93' title='bbox 1826 2098 1913 2127; x_wconf 87' lang='lat' dir='ltr'>nec</span> 
     </span>
     <span class='ocr_line' id='line_1_15' title="bbox 500 2159 1914 2224; baseline -0.002 -17"><span class='ocrx_word' id='word_1_94' title='bbox 500 2162 597 2207; x_wconf 85' lang='lat' dir='ltr'>ulla</span> <span class='ocrx_word' id='word_1_95' title='bbox 622 2162 884 2208; x_wconf 86' lang='lat' dir='ltr'>litterarum</span> <span class='ocrx_word' id='word_1_96' title='bbox 915 2162 1108 2209; x_wconf 87' lang='lat' dir='ltr'>scientia</span> <span class='ocrx_word' id='word_1_97' title='bbox 1138 2161 1498 2208; x_wconf 79' lang='lat' dir='ltr'>subministrat?</span> <span class='ocrx_word' id='word_1_98' title='bbox 1521 2161 1602 2224; x_wconf 92' lang='lat' dir='ltr'>qui</span> <span class='ocrx_word' id='word_1_99' title='bbox 1632 2159 1815 2205; x_wconf 90' lang='lat' dir='ltr'>nullum</span> <span class='ocrx_word' id='word_1_100' title='bbox 1843 2175 1914 2205; x_wconf 89' lang='lat' dir='ltr'>ar-</span> 
     </span>
     <span class='ocr_line' id='line_1_16' title="bbox 501 2236 1910 2301; baseline -0.002 -17"><span class='ocrx_word' id='word_1_101' title='bbox 501 2248 779 2301; x_wconf 87' lang='lat' dir='ltr'>gumentum</span> <span class='ocrx_word' id='word_1_102' title='bbox 804 2238 917 2284; x_wconf 90' lang='lat' dir='ltr'>utile</span> <span class='ocrx_word' id='word_1_103' title='bbox 945 2238 991 2284; x_wconf 91' lang='lat' dir='ltr'>in</span> <span class='ocrx_word' id='word_1_104' title='bbox 1018 2238 1179 2284; x_wconf 88' lang='lat' dir='ltr'>litteris</span> <span class='ocrx_word' id='word_1_105' title='bbox 1202 2238 1364 2298; x_wconf 87' lang='lat' dir='ltr'>habes,</span> <span class='ocrx_word' id='word_1_106' title='bbox 1391 2239 1473 2301; x_wconf 90' lang='lat' dir='ltr'>qui</span> <span class='ocrx_word' id='word_1_107' title='bbox 1512 2238 1707 2283; x_wconf 89' lang='lat' dir='ltr'>nomina</span> <span class='ocrx_word' id='word_1_108' title='bbox 1734 2236 1910 2282; x_wconf 87' lang='lat' dir='ltr'>discer—</span> 
     </span>
     <span class='ocr_line' id='line_1_17' title="bbox 500 2313 1912 2379; baseline -0.002 -18"><span class='ocrx_word' id='word_1_109' title='bbox 500 2332 613 2362; x_wconf 88' lang='lat' dir='ltr'>nere</span> <span class='ocrx_word' id='word_1_110' title='bbox 636 2316 812 2374; x_wconf 88' lang='lat' dir='ltr'>nescis;</span> <span class='ocrx_word' id='word_1_111' title='bbox 840 2316 1006 2379; x_wconf 77' lang='lat' dir='ltr'>saepius</span> <span class='ocrx_word' id='word_1_112' title='bbox 1028 2332 1117 2379; x_wconf 83' lang='lat' dir='ltr'>pro</span> <span class='ocrx_word' id='word_1_113' title='bbox 1138 2315 1409 2363; x_wconf 86' lang='lat' dir='ltr'>masculinis</span> <span class='ocrx_word' id='word_1_114' title='bbox 1431 2315 1650 2371; x_wconf 86' lang='lat' dir='ltr'>feminea,</span> <span class='ocrx_word' id='word_1_115' title='bbox 1673 2331 1761 2378; x_wconf 90' lang='lat' dir='ltr'>pro</span> <span class='ocrx_word' id='word_1_116' title='bbox 1786 2313 1912 2359; x_wconf 83' lang='lat' dir='ltr'>femi-</span> 
     </span>
     <span class='ocr_line' id='line_1_18' title="bbox 500 2393 1911 2457; baseline -0.001 -19"><span class='ocrx_word' id='word_1_117' title='bbox 500 2393 601 2438; x_wconf 87' lang='lat' dir='ltr'>neis</span> <span class='ocrx_word' id='word_1_118' title='bbox 619 2403 803 2451; x_wconf 84' lang='lat' dir='ltr'>neutra,</span> <span class='ocrx_word' id='word_1_119' title='bbox 831 2403 876 2439; x_wconf 89' lang='lat' dir='ltr'>et</span> <span class='ocrx_word' id='word_1_120' title='bbox 903 2410 988 2457; x_wconf 84' lang='lat' dir='ltr'>pro</span> <span class='ocrx_word' id='word_1_121' title='bbox 1021 2394 1199 2439; x_wconf 78' lang='lat' dir='ltr'>neutris</span> <span class='ocrx_word' id='word_1_122' title='bbox 1233 2393 1493 2440; x_wconf 84' lang='lat' dir='ltr'>masculina</span> <span class='ocrx_word' id='word_1_123' title='bbox 1519 2402 1808 2449; x_wconf 80' lang='lat' dir='ltr'>commuta53</span> <span class='ocrx_word' id='word_1_124' title='bbox 1829 2393 1911 2454; x_wconf 87' lang='lat' dir='ltr'>qui</span> 
     </span>
     <span class='ocr_line' id='line_1_19' title="bbox 500 2469 1910 2535; baseline -0.002 -20"><span class='ocrx_word' id='word_1_125' title='bbox 500 2469 622 2533; x_wconf 86' lang='lat' dir='ltr'>ipsas</span> <span class='ocrx_word' id='word_1_126' title='bbox 645 2486 837 2533; x_wconf 82' lang='lat' dir='ltr'>quoque</span> <span class='ocrx_word' id='word_1_127' title='bbox 871 2470 1254 2535; x_wconf 68' lang='lat' dir='ltr'>praepositiones,</span> <span class='ocrx_word' id='word_1_128' title='bbox 1291 2487 1409 2533; x_wconf 90' lang='lat' dir='ltr'>quas</span> <span class='ocrx_word' id='word_1_129' title='bbox 1439 2471 1672 2517; x_wconf 87' lang='lat' dir='ltr'>nobilium</span> <span class='ocrx_word' id='word_1_130' title='bbox 1707 2469 1910 2515; x_wconf 87' lang='lat' dir='ltr'>dictato-</span> 
     </span>
     <span class='ocr_line' id='line_1_20' title="bbox 500 2546 1909 2610; baseline -0.001 -18"><span class='ocrx_word' id='word_1_131' title='bbox 500 2564 604 2592; x_wconf 87' lang='lat' dir='ltr'>rum</span> <span class='ocrx_word' id='word_1_132' title='bbox 630 2547 868 2593; x_wconf 79' lang='lat' dir='ltr'>observari</span> <span class='ocrx_word' id='word_1_133' title='bbox 907 2547 1057 2593; x_wconf 81' lang='lat' dir='ltr'>sanxit</span> <span class='ocrx_word' id='word_1_134' title='bbox 1087 2548 1340 2607; x_wconf 80' lang='lat' dir='ltr'>autoritas,</span> <span class='ocrx_word' id='word_1_135' title='bbox 1370 2548 1476 2594; x_wconf 91' lang='lat' dir='ltr'>loco</span> <span class='ocrx_word' id='word_1_136' title='bbox 1517 2547 1679 2594; x_wconf 87' lang='lat' dir='ltr'>debito</span> <span class='ocrx_word' id='word_1_137' title='bbox 1706 2546 1909 2610; x_wconf 87' lang='lat' dir='ltr'>plerum·</span> 
     </span>
     <span class='ocr_line' id='line_1_21' title="bbox 498 2624 1908 2688; baseline -0.001 -19"><span class='ocrx_word' id='word_1_138' title='bbox 498 2641 591 2687; x_wconf 83' lang='lat' dir='ltr'>que</span> <span class='ocrx_word' id='word_1_139' title='bbox 623 2641 720 2688; x_wconf 85' lang='lat' dir='ltr'>non</span> <span class='ocrx_word' id='word_1_140' title='bbox 749 2624 890 2671; x_wconf 87' lang='lat' dir='ltr'>locas.</span> <span class='ocrx_word' id='word_1_141' title='bbox 927 2628 1040 2670; x_wconf 79' lang='lat' dir='ltr'>Nam</span> <span class='ocrx_word' id='word_1_142' title='bbox 1070 2642 1156 2687; x_wconf 81' lang='lat' dir='ltr'>pro</span> <span class='ocrx_word' id='word_1_143' title='bbox 1189 2625 1404 2672; x_wconf 79' lang='lat' dir='ltr'>ablativis</span> <span class='ocrx_word' id='word_1_144' title='bbox 1429 2625 1713 2682; x_wconf 82' lang='lat' dir='ltr'>accusativa,</span> <span class='ocrx_word' id='word_1_145' title='bbox 1743 2633 1787 2669; x_wconf 85' lang='lat' dir='ltr'>et</span> <span class='ocrx_word' id='word_1_146' title='bbox 1812 2641 1908 2668; x_wconf 82' lang='lat' dir='ltr'>rur-</span> 
     </span>
     <span class='ocr_line' id='line_1_22' title="bbox 499 2700 1906 2765; baseline -0.001 -18"><span class='ocrx_word' id='word_1_147' title='bbox 499 2719 602 2747; x_wconf 83' lang='lat' dir='ltr'>sum</span> <span class='ocrx_word' id='word_1_148' title='bbox 629 2719 716 2765; x_wconf 77' lang='lat' dir='ltr'>pro</span> <span class='ocrx_word' id='word_1_149' title='bbox 737 2702 1010 2748; x_wconf 80' lang='lat' dir='ltr'>accusativis</span> <span class='ocrx_word' id='word_1_150' title='bbox 1034 2702 1234 2748; x_wconf 79' lang='lat' dir='ltr'>ablativa</span> <span class='ocrx_word' id='word_1_151' title='bbox 1260 2704 1413 2762; x_wconf 79' lang='lat' dir='ltr'>ponis.</span> <span class='ocrx_word' id='word_1_152' title='bbox 1446 2706 1646 2749; x_wconf 84' lang='lat' dir='ltr'>Putasne</span> <span class='ocrx_word' id='word_1_153' title='bbox 1669 2700 1906 2746; x_wconf 70' lang='lat' dir='ltr'>videbitur</span> 
     </span>
     <span class='ocr_line' id='line_1_23' title="bbox 498 2779 1904 2844; baseline -0.001 -19"><span class='ocrx_word' id='word_1_154' title='bbox 498 2789 547 2825; x_wconf 90' lang='lat' dir='ltr'>ut</span> <span class='ocrx_word' id='word_1_155' title='bbox 586 2779 673 2826; x_wconf 85' lang='lat' dir='ltr'>bos</span> <span class='ocrx_word' id='word_1_156' title='bbox 712 2780 841 2844; x_wconf 81' lang='lat' dir='ltr'>piger</span> <span class='ocrx_word' id='word_1_157' title='bbox 874 2780 1095 2844; x_wconf 77' lang='lat' dir='ltr'>palaestra·</span> <span class='ocrx_word' id='word_1_158' title='bbox 1133 2780 1297 2827; x_wconf 87' lang='lat' dir='ltr'>ludum</span> <span class='ocrx_word' id='word_1_159' title='bbox 1340 2791 1580 2841; x_wconf 82' lang='lat' dir='ltr'>exerceat,</span> <span class='ocrx_word' id='word_1_160' title='bbox 1625 2789 1705 2826; x_wconf 89' lang='lat' dir='ltr'>aut</span> <span class='ocrx_word' id='word_1_161' title='bbox 1746 2779 1904 2826; x_wconf 88' lang='lat' dir='ltr'>asinus</span> 
     </span>
    </p>
   </div>
  </div>
 </body>
</html>
