2028 3458
439 316 515 352 230
649 314 714 351 DE
742 312 1029 350 VIRTUTIBUS
1059 310 1230 349 SANCTI
1258 311 1479 349 MARTINI.
1500 331 1551 337 —
1574 310 1624 346 11.

970 481 1125 516 CAPUT
1151 481 1306 516 XXVII.

941 574 995 607 De
1010 585 1120 620 puero
1136 581 1331 608 contracto.

505 673 626 717 Puer
658 685 770 717 vero
805 685 861 715 ex
895 668 1147 730 Andegavo
1186 669 1441 725 territorio,
1469 669 1584 717 dum
1622 671 1669 717 in
1696 670 1845 717 domo

438 756 687 811 parentum
700 745 938 803 resideret,
949 761 1034 809 per
1050 745 1464 805 immissionem,ut
1476 746 1575 810 ipse
1589 746 1840 801 asserebat,
1873 785 1876 790 .

441 824 550 870 artis
581 822 841 878 diabolicae,
879 837 1108 868 manuum
1141 820 1415 886 pedumque
1448 822 1655 885 perdidit
1683 839 1841 881 usum,

441 901 503 947 ita
528 910 579 947 ut
602 900 855 947 contractis
875 899 1157 945 intrinsecus
1168 898 1341 962 digitis,
1361 898 1548 961 ungulae
1571 900 1620 945 in
1639 899 1846 963 palmam

441 976 775 1041 defigerentur,
800 976 1029 1039 nervique
1047 974 1282 1039 poplitum
1309 974 1498 1022 arefacti
1517 976 1764 1022 calcaneos
1787 974 1848 1021 ad

442 1070 580 1101 crura
601 1054 888 1101 diverterent
915 1070 924 1098 :
959 1053 1120 1115 sicque
1138 1068 1223 1116 per
1240 1068 1317 1098 sex
1347 1068 1499 1099 annos
1524 1068 1552 1098 a
1574 1051 1847 1115 parentibus

444 1130 566 1177 male
601 1130 852 1193 bajulatus,
886 1128 948 1175 ad
983 1128 1214 1192 templum
1250 1129 1398 1175 sancti
1429 1128 1644 1174 antistitis
1674 1127 1848 1192 depor-

442 1216 582 1253 tatur.
609 1206 701 1252 Sed
724 1207 772 1252 in
803 1206 1017 1253 oratione
1054 1205 1330 1269 perdurans,
1354 1196 1573 1251 restitutis
1605 1203 1845 1262 membris,

439 1283 571 1345 juxta
600 1282 806 1328 nominis
835 1282 906 1328 sui
933 1282 1269 1346 proprietatem
1303 1281 1436 1344 quasi
1468 1298 1621 1327 novus
1647 1279 1850 1326 effloruit

444 1359 677 1407 Floridus.

973 1495 1128 1529 CAPUT
1152 1494 1326 1528 XXVIII.

954 1592 1005 1625 De
1022 1603 1114 1625 caeco
1131 1591 1341 1625 illuminato.

512 1697 718 1743 Clericus
741 1714 794 1744 ex
818 1698 1062 1744 nativitate
1085 1713 1247 1744 servus
1272 1696 1418 1760 ipsius
1440 1705 1611 1742 sanetae
1631 1695 1851 1754 basilicae,

448 1790 533 1838 per
556 1773 798 1820 incursum
821 1773 1108 1820 insidiatoris
1129 1773 1309 1819 lumine
1339 1771 1582 1831 multatus,
1611 1773 1657 1818 in
1692 1772 1855 1836 hospi-

447 1850 564 1896 tiolo
610 1851 824 1914 proprio,
868 1850 986 1896 nihil
1019 1850 1084 1896 ibi
1131 1849 1347 1896 laborare
1386 1859 1574 1913 potens,
1621 1849 1856 1896 residebat

449 1936 664 1990 aegrotus.
690 1927 856 1973 Tribus
884 1927 980 1973 fere
1004 1927 1140 1974 annis
1162 1927 1286 1974 hanc
1316 1927 1539 1983 sustinuit
1567 1927 1850 1987 caecitatem3

449 2004 598 2050 aedem
637 2003 764 2050 beati
809 2003 1065 2050 sacerdotis
1110 2004 1328 2068 expetiit,
1369 2003 1528 2066 ibique
1578 2002 1856 2066 deprecatus

448 2090 727 2137 consuetam
752 2079 1144 2140 misericordiam,
1179 2070 1468 2126 illuminatus
1492 2079 1632 2125 rediit
1653 2079 1713 2125 ad
1740 2097 1854 2144 pro-

450 2171 567 2219 pria.

996 2279 1150 2313 CAPUT
1175 2279 1310 2315 XXIX.

774 2376 825 2409 De
841 2375 997 2419 homine,
1013 2375 1070 2408 cui
1086 2374 1183 2408 fustis
1200 2374 1235 2407 in
1252 2386 1357 2407 manu
1374 2373 1530 2408 adhaesit.

514 2472 582 2515 Ex
599 2470 839 2515 Turonico
865 2484 976 2515 vero
1000 2468 1237 2515 territorio
1260 2484 1421 2515 servus
1447 2468 1711 2531 cujusdam,
1738 2469 1856 2515 dum

449 2546 525 2594 die
539 2546 781 2593 dominico
795 2544 954 2609 sepem
969 2557 1297 2609 componeret,
1312 2563 1479 2593 manus
1495 2546 1594 2609 ejus
1605 2545 1663 2592 ad
1674 2546 1854 2608 lignum

450 2624 606 2689 ipsum
626 2623 802 2688 liaerere
821 2632 1081 2686 coeperunt.
1100 2626 1154 2668 At
1181 2623 1255 2670 ille
1277 2623 1501 2669 velociter
1523 2633 1733 2669 extracta
1748 2622 1854 2668 dex-

450 2709 567 2760 tera,
605 2699 719 2747 dum
754 2699 927 2747 sactum
964 2699 1222 2745 admiratur
1258 2701 1503 2760 attonituS,
1548 2716 1718 2747 manus
1755 2699 1853 2763 ipsa

449 2794 556 2824 cum
592 2776 757 2823 dolore
778 2779 957 2839 'magno
993 2776 1303 2835 contrahitur,
1333 2777 1495 2824 delixa>
1525 2787 1632 2823 sunt
1663 2792 1853 2839 quoque
