2028 3458
424 299 501 337 220
627 300 694 336 DE
721 297 1016 336 VIRTUTIBUS
1044 297 1217 336 SANCTI
1245 297 1464 335 MARTINI.
1492 317 1542 325 —
1559 298 1631 335 111.

984 469 1139 503 CAPUT
1163 468 1268 505 XIX.

916 564 968 597 De
984 575 1076 597 caeco
1098 563 1298 599 illuminato
1313 563 1339 597 ¹.

488 659 820 708 Abrincatinus
835 661 850 683 ²
871 676 1064 724 quoque
1085 659 1262 718 incola,
1288 659 1366 705 cui
1387 674 1472 722 per
1494 674 1574 704 sex
1597 674 1750 704 annos
1771 657 1839 703 vi-

425 736 571 783 dendi
596 753 707 783 usus
724 736 875 783 fuerat
895 736 1174 799 denegatus,
1201 735 1328 782 beati
1344 734 1627 781 confessoris
1648 734 1840 799 expetiit

424 814 593 861 salvari
619 813 856 878 praesidio.
889 813 960 859 Ad
991 813 1128 876 cujus
1157 812 1402 859 basilicam
1430 810 1678 869 accedens,
1718 810 1838 856 mul—

425 900 570 954 toque
592 900 808 954 tempore
840 890 1030 953 jejuniis
1058 899 1106 936 et
1142 888 1442 935 orationibus
1474 903 1664 944 vacam,
1706 887 1839 933 auxi-

423 965 540 1012 lium
562 965 691 1012 beati
722 964 1010 1030 implorabat
1040 966 1279 1012 antistitis.
1312 965 1529 1028 Denique
1558 962 1841 1009 adveniente

424 1053 726 1090 sacrosancta
766 1043 1044 1101 festivitate,
1082 1043 1273 1107 populis
1317 1042 1567 1088 missarum
1609 1039 1841 1086 solemnia

424 1120 774 1185 spectantibus,
818 1120 929 1167 huic
972 1121 1099 1166 visus
1130 1130 1200 1166 est
1237 1119 1477 1177 redditus;
1517 1117 1751 1179 rediitque
1790 1117 1839 1163 in

425 1198 626 1260 patriam
652 1197 837 1257 videns,
859 1197 942 1260 qui
979 1196 1039 1243 ad
1062 1206 1274 1242 sanctam
1299 1195 1542 1242 basilicam
1568 1193 1661 1239 alio
1685 1192 1841 1239 dedu-

425 1285 564 1322 cente
586 1284 883 1339 pervenerat.
911 1277 1013 1339 lpse
1045 1283 1205 1320 autem
1230 1291 1319 1338 pro
1343 1283 1485 1320 tantae
1519 1271 1704 1336 pietatis
1728 1287 1843 1333 gau-

426 1351 508 1398 dio
531 1352 661 1398 vovit
683 1368 732 1398 se
764 1351 944 1398 ibidem
970 1351 1229 1397 tonsurari.
1265 1350 1409 1407 Quod
1443 1358 1609 1415 postea
1643 1347 1844 1394 devotus

427 1428 614 1475 rediens
633 1428 862 1492 implevit.

1000 1575 1155 1610 CAPUT
1181 1575 1264 1608 XX.

895 1667 947 1700 De
965 1666 1035 1702 alio
1051 1679 1142 1701 caeco
1160 1666 1369 1701 illuminato.

492 1764 611 1808 Nam
640 1771 686 1809 et
710 1761 907 1826 quidam
939 1761 1000 1808 de
1034 1761 1362 1808 transmarinis
1387 1758 1604 1824 partibus
1627 1759 1840 1819 veniens,

428 1839 544 1886 dum
574 1857 769 1905 operam
794 1849 1033 1887 exerceret
1064 1840 1112 1886 in
1145 1855 1278 1903 agro,
1306 1837 1465 1884 subito
1492 1846 1595 1883 orta
1621 1853 1763 1900 super
1794 1852 1844 1882 se

427 1916 654 1963 violentia
676 1918 805 1964 venti
827 1934 938 1963 cum
953 1918 1165 1981 pulvere,
1192 1915 1374 1963 lumine
1400 1914 1551 1961 caruit
1569 1913 1840 1960 oculorum.

430 1997 487 2040 Et
509 1995 592 2057 qui
617 1994 701 2040 diu
724 1995 857 2041 caecis
880 1996 955 2040 via
986 1994 1153 2053 fuerat,
1183 1994 1283 2057 ipse
1308 1992 1510 2038 domum
1532 1990 1625 2037 alio
1655 1998 1846 2051 regente

430 2070 699 2117 deducitur.
732 2074 785 2118 In
821 2070 909 2117 hac
933 2070 1061 2117 enim
1083 2070 1292 2116 caecitate
1320 2085 1405 2133 per
1433 2067 1577 2113 trium
1607 2082 1845 2112 annorum

431 2147 724 2194 curriculum
745 2148 1000 2194 detinetur.
1016 2150 1126 2193 Post
1140 2146 1240 2193 haec
1255 2145 1500 2192 basilicam
1520 2143 1645 2190 beati
1663 2143 1847 2189 confes-

431 2225 550 2271 soris
570 2224 853 2289 expetiit,ad
876 2240 1020 2288 quam
1044 2240 1129 2288 per
1149 2232 1357 2285 quatuor
1381 2237 1534 2268 annos
1558 2220 1763 2266 orationi
1779 2220 1847 2264 in-

432 2301 680 2361 cumbens,
697 2302 908 2349 visitatus
922 2302 1094 2347 virtute
1119 2300 1296 2360 divina,
1320 2298 1561 2364 patefactis
1584 2297 1846 2344 luminibus

432 2379 588 2426 lucem
610 2379 772 2426 videre
795 2378 1077 2444 promeruit.

490 2572 544 2617 (1)
562 2572 682 2620 Supp.
707 2571 799 2607 243.
824 2572 883 2607 De
904 2582 994 2606 caeco
1013 2568 1263 2605 Abricatensi.
1285 2570 1525 2604 Prista-atinus
1540 2577 1698 2614 quoque.

487 2634 543 2681 (2)
563 2632 682 2689 Clar„
706 2632 999 2671 Cebrincatinus.
1020 2633 1100 2679 (R.)
1113 2631 1446 2681 -Aprincatinus
1469 2629 1564 2666 3801
1577 2657 1586 2665 .
