2028 3458
426 317 501 352 112
647 314 713 351 DE
741 310 1030 350 VIRTUTIBUS
1059 308 1229 346 SANCTI
1257 305 1482 344 MARTINI.
1500 324 1553 331 ·—
1571 304 1622 341 11.

1012 448 1170 485 CAPUT
1194 448 1300 484 XIII.

967 544 1020 579 De
1035 555 1128 579 caeeo
1146 543 1359 578 illuminato.

493 642 731 691 Ursulfus²
769 649 929 688 autem
963 639 1160 704 quidam
1191 655 1247 686 ex
1280 636 1516 684 'luronica
1547 635 1754 689 civitate,
1780 633 1841 680 de

423 739 547 788 pago
570 731 700 768 trans
725 719 947 784 Ligerim,
972 734 1139 775 caecus,
1163 716 1291 764 beati
1309 714 1495 763 Martini
1519 713 1737 777 suffragia
1757 711 1843 758 de-

423 809 560 846 votus
590 797 800 863 expetiit.
843 796 938 854 Qui
961 794 1152 843 duobus
1174 793 1362 842 assidue
1384 791 1629 840 mensibus
1656 790 1718 838 ad
1742 790 1842 853 ejus

424 875 655 941 templum
693 873 981 936 deserviens,
1020 873 1068 920 in
1096 871 1291 936 jejuniis
1320 869 1710 933 orationibusque
1732 883 1841 932 per-

424 952 644 1001 durabat.
682 956 878 1000 Factum
900 961 971 1000 est
989 961 1148 1000 autem
1176 951 1224 997 in
1256 966 1354 997 una
1376 948 1454 996 die
1483 946 1843 995 resurrectionis

424 1032 675 1079 dominicae
691 1032 705 1055 ²
728 1030 847 1077 dum
869 1040 990 1079 esset
1007 1029 1069 1078 ad
1087 1028 1234 1095 pedes
1250 1027 1445 1087 Domni,
1465 1035 1512 1073 et
1527 1041 1639 1072 cum
1659 1023 1841 1087 reliquo

426 1110 606 1175 populo
634 1109 886 1156 missarum
914 1108 1149 1157 solemnia
1171 1106 1453 1172 spectaret⁸‚
1487 1104 1646 1151 subito
1673 1102 1847 1167 apertis

425 1187 574 1234 oculis
597 1197 770 1234 cuncta
808 1186 934 1234 clare
959 1202 1155 1234 cernere
1190 1185 1351 1250 coepit,
1378 1184 1444 1230 ita
1465 1191 1519 1229 ut
1541 1181 1602 1229 ad
1625 1190 1844 1227 sanctum

424 1264 568 1312 altare
587 1264 979 1312 communicandi
997 1264 1163 1328 gratia,
1183 1263 1374 1310 nemine
1394 1261 1616 1318 ducente,
1640 1259 1839 1306 veniret.

424 1345 541 1400 Quae
565 1352 726 1390 autem
749 1342 888 1390 fuerit
911 1358 1055 1391 causa
1083 1341 1325 1398 caecitatis,
1351 1339 1557 1386 edicam.
1584 1338 1741 1383 Primo
1766 1336 1844 1383 die

381 1429 393 1433 ”
424 1419 611 1484 paschae
630 1420 788 1484 jussus
813 1429 884 1467 est
912 1436 940 1467 a
964 1419 1164 1467 domino
1192 1435 1281 1465 suo
1317 1427 1368 1464 ut
1399 1433 1565 1480 agrum
1594 1414 1840 1471 circuiret,

424 1497 767 1562 inventumque
790 1497 972 1544 aditum
1001 1496 1132 1544 unde
1160 1512 1337 1562 pecora
1359 1492 1622 1542 introibant
1646 1491 1846 1538 obsera-

425 1584 511 1622 ret.
536 1577 664 1622 Dum
689 1591 799 1622 eum
820 1574 1045 1622 claudere
1061 1584 1280 1633 conatur,
1305 1581 1562 1620 excaecatus
1586 1579 1671 1617 est.
1691 1572 1842 1628 Tunc,

425 1661 478 1699 ut
500 1651 724 1714 diximus,
748 1653 805 1699 ad
840 1653 1113 1718 sepulcrum
1147 1652 1366 1708 veniens,
1404 1650 1522 1696 flens
1550 1658 1597 1695 et
1634 1646 1842 1711 ejulans,

424 1730 604 1791 visum,
644 1747 789 1794 quem
825 1730 1116 1796 perdiderat,
1157 1728 1414 1794 flagitabat.
1453 1727 1539 1774 Die
1579 1735 1738 1774 autem
1770 1722 1848 1771 illa

424 1807 542 1855 dum
568 1808 751 1874 populo
781 1809 927 1873 gratia
961 1808 1191 1856 dominici
1215 1806 1432 1873 corporis
1448 1805 1462 1829 ⁴
1483 1804 1775 1863 traderetur,
1803 1811 1850 1849 et

425 1885 469 1932 ei
490 1885 658 1934 beatus
689 1887 883 1935 antistes
905 1886 1067 1934 lumen
1094 1886 1294 1934 reddere
1318 1885 1539 1949 dignatus
1562 1892 1650 1943 est,
1675 1899 1731 1930 ac
1754 1880 1853 1928 clu-

424 1973 561 2011 cente
591 1965 691 2012 sole
722 1965 963 2012 luminum
995 1982 1195 2012 suorum
1227 1964 1512 2011 refulserunt
1536 1960 1695 2008 stellae.
1732 1960 1850 2017 Quis

427 2058 657 2106 unquam,
684 2059 829 2106 rogo,
858 2042 963 2090 talis
990 2042 1205 2089 medicus
1227 2041 1404 2106 poterit
1429 2038 1661 2098 inveniri,
1692 2037 1774 2100 qui
1798 2036 1847 2082 in

427 2134 522 2165 una
557 2117 830 2166 infirmitate
864 2118 983 2166 duas
1021 2118 1275 2166 contulerit
1310 2114 1607 2165 medicinas?
1641 2117 1760 2161 Ecce
1798 2114 1848 2160 in

428 2211 526 2242 uno
550 2212 675 2244 caeco
698 2195 811 2245 duae.
827 2197 1026 2244 virtutes
1049 2206 1270 2257 ostensae,
1293 2196 1370 2243 cui
1386 2192 1659 2260 corporales
1683 2191 1849 2239 oculos

481 2361 671 2411 (1)Cla1=.,
707 2363 904 2412 Orsulsus‚·
927 2363 1038 2401 Vinc.
1074 2364 1163 2402 Bec.
1201 2362 1310 2402 colb.
1349 2361 1375 2401 b
1402 2361 1454 2415 (et
1480 2362 1619 2409 Cott.),
1647 2360 1845 2409 Arnulfus.

428 2427 507 2474 (B.)
528 2448 580 2455 —
602 2428 721 2475 5359,
748 2429 939 2477 Arsuls'us.

482 2490 536 2543 (2)
557 2491 619 2531 Sic
638 2505 771 2530 omnes
792 2492 872 2530 dies
888 2523 898 2541 ‚
919 2502 961 2531 ut
984 2506 1189 2542 vocamus,
1223 2492 1433 2531 dominicas
1464 2492 1546 2542 ejus
1575 2491 1646 2530 aevi
1673 2498 1850 2529 auctores

430 2558 650 2609 frequenter
667 2558 956 2610 nuncupabant.
981 2563 1060 2609 (R.)

484 2627 539 2673 (3)
558 2625 728 2676 Aliquot.
751 2638 861 2673 mss„
891 2635 1128 2675 exspectaret
1145 2641 1156 2670 ,-
1176 2625 1243 2664 sed
1266 2626 1338 2664 hoc
1357 2639 1405 2664 ex
1435 2624 1551 2663 modo
1579 2621 1850 2676 pronuntiandi

427 2704 446 2728 s
464 2691 572 2742 quasi
597 2705 648 2730 es.
670 2693 767 2729 Nam
787 2691 878 2729 alias
904 2692 1125 2744 frequenter
1143 2693 1351 2747 Gregorius
1371 2692 1503 2731 missas
1523 2699 1697 2744 spectare
1714 2701 1785 2741 pro
1803 2687 1849 2725 iis

428 2755 793 2809 interesse'scripsit.
819 2758 899 2807 (RQ

485 2824 540 2871 (4)
559 2825 695 2861 Gratia
709 2825 860 2874 populis
881 2825 1010 2861 divina
1028 2826 1253 2871 traderetur,
1266 2824 1390 2864 Cl.-F.
