2028 3458
447 293 525 331 428
824 291 889 327 DE
917 288 1106 327 GLORIA
1133 287 1503 327 CONFESSORUM.

1001 429 1158 465 CAPUT
1181 429 1320 467 XLIII.

848 532 902 565 De
922 539 1040 566 sancta
1059 530 1204 566 Florida
1217 538 1253 566 et
1267 529 1465 566 Paschasia‚

511 650 564 695 In
604 647 695 695 hac
738 656 898 694 autem
931 645 1128 694 basilica
1164 655 1211 693 et
1252 655 1415 694 sancta
1447 645 1634 693 Florida
1674 647 1873 711 quiescit

445 741 568 790 quae,
613 734 664 772 ut
695 724 853 772 ferunt
881 724 1065 785 incolae,
1107 733 1238 772 veste
1264 733 1464 785 mutata,
1491 723 1707 787 religiosa
1736 724 1874 772 valde

445 802 549 850 fuit.
576 804 658 849 Est
680 801 811 850 haud
840 801 1011 867 procul
1039 811 1086 849 et
1111 802 1202 849 aJia
1226 801 1438 862 basilica,
1470 802 1519 848 in
1552 818 1648 865 qua
1675 803 1874 850 Pascha-

446 880 534 928 sia¹
558 890 719 928 sancta
738 880 955 944 quiescit.
977 882 1086 927 Haec
1098 879 1243 927 sertur
1259 880 1536 946 apparuisse
1559 880 1875 927 structoribus

445 956 649 1005 basilicae
681 958 832 1005 sancti
861 957 1060 1022 Benigni
1092 957 1328 1021 martyris,
1370 958 1454 1023 qui
1487 974 1624 1005 secus
1653 957 1872 1016 habetur,

445 1035 644 1083 hortans
667 1045 719 1083 ut
737 1035 800 1083 ad
823 1052 947 1101 opus
969 1045 1180 1100 coeptum
1210 1036 1497 1094 insisterent,
1528 1036 1798 1100 scirentque
1828 1051 1877 1082 se

448 1114 667 1178 martyris
700 1113 940 1178 adjutorio
971 1113 1203 1176 adjuvari.
1244 1116 1359 1172 Quae
1393 1115 1443 1161 in
1473 1113 1717 1161 basilicam
1743 1129 1877 1161 suam

449 1214 661 1262 regressa
684 1214 926 1263 nusquam
947 1198 1235 1262 comparuit.

1009 1358 1166 1394 CAPUT
1191 1358 1312 1393 XLIV
1319 1384 1327 1392 .

858 1463 911 1496 De
932 1470 1052 1495 sancto
1072 1460 1283 1506 Tranquillo
1299 1460 1480 1507 episcopo.

519 1585 572 1628 ln
610 1581 705 1628 hoc
745 1581 854 1628 loco
886 1589 933 1628 et
966 1579 1268 1644 Tranquillus
1314 1579 1484 1626 beatus
1528 1578 1772 1626 confessor
1807 1594 1881 1624 re-

453 1657 677 1722 quiescit,
719 1673 862 1722 super
900 1666 1075 1704 terram
1115 1656 1390 1721 sepulcrum
1431 1653 1643 1714 hahenS,
1690 1652 1750 1700 de
1786 1669 1883 1717 quo

456 1757 683 1804 magnum
717 1739 1006 1803 heneficium
1040 1749 1288 1805 praestatur
1324 1738 1613 1804 petentibus.
1655 1739 1802 1784 Nam·
1824 1736 1885 1783 de

456 1819 677 1867 mussulis
699 1818 965 1884 supernatis
988 1817 1302 1865 medicamina
1327 1817 1496 1883 populi
1526 1825 1880 1882 promerentur,

457 1897 587 1945 unde
607 1914 696 1960 ego
723 1895 862 1944 valde
881 1896 1263 1961 experimentum
1286 1894 1388 1942 tuli.
1420 1898 1635 1959 Namque
1658 1909 1769 1941 cum
1788 1909 1885 1940 ma-

459 1991 550 2022 nus
573 1990 690 2021 meae
709 1973 905 2020 minutis
924 1972 1255 2020 efferbuissent
1278 1972 1479 2037 pusulis,
1501 1981 1548 2018 et
1569 1970 1759 2018 dolores
1783 1986 1887 2034 pes·

459 2053 606 2099 simos
644 2050 707 2098 ob
746 2050 842 2098 hoc
879 2051 1083 2114 graviter
1113 2050 1421 2107 sustinerem,
1460 2049 1522 2096 de
1555 2048 1647 2096 hac
1679 2047 1885 2094 mussula

375 2162 381 2171 .
461 2139 624 2190 tactaS‚
652 2130 925 2194 quiescente
946 2129 1169 2188 humore,
1193 2128 1414 2194 protinus
1436 2126 1575 2174 retuli
1596 2142 1750 2173 sanas.

1022 2290 1179 2325 CAPUT
1203 2290 1318 2325 XLV.

814 2402 867 2435 De
884 2401 1053 2438 severino
1068 2399 1342 2449 Burdegalensi'
1354 2400 1536 2449 episcopo.

533 2510 688 2559 Habet.
713 2519 761 2559 et
789 2511 1145 2575 Burdegalensis
1174 2509 1289 2558 urbs
1320 2519 1551 2575 patronos
1575 2506 1886 2567 venerabiles,

470 2589 552 2652 qui
583 2588 752 2653 saepius
773 2604 824 2636 se
846 2588 1098 2636 virtutibus
1120 2587 1440 2646 manifestant,
1473 2576 1690 2633 sanctum
1712 2584 1890 2632 Severi-

526 2759 582 2807 (1)
611 2758 706 2796 Fere
726 2757 829 2796 idem
845 2756 1010 2795 habetur
1033 2757 1072 2795 in
1094 2755 1162 2795 lib.
1183 2759 1202 2795 1
1224 2759 1282 2795 De
1302 2754 1424 2809 gloria
1442 2762 1553 2793 mart.
1562 2784 1573 2803 ‚
1594 2766 1678 2805 cap.
1701 2766 1754 2792 ιι.

525 2819 584 2871 (2)
615 2822 736 2868 2204,
756 2821 1050 2870 Burdigallinsi.
