2028 3458
464 334 537 371 160
673 334 738 371 DE
768 333 1055 379 VIRTUTIBUS
1083 332 1257 370 SANCTI
1284 334 1508 375 MARTINI.
1528 356 1582 363 -
1602 337 1655 375 11.

460 421 613 469 audax
640 420 819 480 audeo,
848 419 1034 466 veniam
1059 429 1171 484 peto
1195 437 1222 468 a
1256 421 1457 486 legente.
1489 422 1613 480 Quia
1641 421 1770 470 enim
1794 438 1873 470 me

461 499 658 564 impellit
679 514 815 544 amor
837 497 1044 562 patroni,
1062 507 1109 544 et
1131 499 1243 562 quia
1261 516 1362 548 esse
1379 500 1537 548 adhuc
1555 518 1666 548 eum
1686 500 1872 548 denun-

460 576 571 623 tiavi
593 574 968 641 praedicatorem,
994 574 1151 621 dicam
1177 576 1295 640 quid
1317 578 1570 642 contigerit
1597 595 1768 644 nuper.
1797 579 1872 625 Si-

458 654 602 701 sulfus
624 670 681 700 ex
704 652 1061 700 Cenomanicis²
1083 655 1404 718 pauperculus
1419 693 1433 717 ,
1461 656 1578 704 dum
1600 658 1650 704 in
1677 654 1870 704 hortulo

457 746 544 778 suo
575 729 772 777 meridie
803 729 1147 792 obdormisset,
1181 732 1345 779 nescio
1377 733 1495 797 quid
1522 735 1746 800 nequitiae
1767 750 1874 799 per-

458 825 620 874 pessus
652 818 740 855 est.
781 811 818 857 E
845 825 1018 855 somno
1050 818 1211 856 autem
1247 809 1463 859 exsiliens
1483 850 1495 870 ‚
1535 812 1793 861 contractis
1822 812 1871 858 in

456 885 614 932 volam
641 884 815 948 digitis,
841 902 951 932 cum
978 901 1154 949 magno
1178 885 1349 934 dolore
1371 904 1543 936 manus
1564 889 1745 938 debiles
1769 889 1874 937 ele-

458 964 599 1022 vavit,
628 963 732 1028 ipso
758 979 952 1028 quoque
977 963 1146 1012 dolore
1174 975 1440 1030 premente,
1462 983 1652 1014 rursum
1675 967 1876 1014 solvitur

458 1042 505 1089 in
530 1058 753 1107 soporem
775 1058 785 1087 :
811 1051 858 1089 et
881 1041 1001 1089 vidit
1017 1059 1103 1108 per
1118 1043 1293 1102 visum,
1313 1053 1359 1091 et
1375 1060 1487 1091 ecce
1504 1045 1575 1091 vir
1591 1043 1746 1092 stabat
1763 1053 1874 1090 ante

457 1135 566 1167 eum
589 1119 734 1182 nigris
757 1119 983 1181 vestibus,
1008 1137 1131 1168 cano
1165 1131 1326 1169 autem
1354 1122 1525 1187 capite.
1555 1122 1649 1180 Qui
1673 1136 1874 1168 conver-

457 1213 535 1244 sus
556 1215 566 1243 ε
591 1215 614 1241 «
636 1197 764 1255 Quid
788 1198 872 1257 sic,
893 1198 1064 1263 inquit,
1088 1208 1138 1245 tu
1168 1198 1358 1246 fletibus
1387 1198 1742 1246 commoveris?
1770 1217 1790 1242 ι
1820 1200 1874 1243 Et

457 1273 534 1322 ille
561 1290 571 1320 τ
601 1293 623 1319 «
654 1276 792 1336 Ecce,
819 1275 1104 1324 venerabilis
1126 1277 1340 1336 domine,
1366 1277 1484 1325 dum
1508 1293 1768 1342 parumper
1790 1276 1876 1323 ob-

458 1353 684 1415 dormivi,
725 1370 837 1401 cum
883 1354 1051 1403 dolore
1088 1356 1443 1421 expergefactus
1478 1372 1601 1422 opus
1645 1371 1876 1402 manuum

458 1448 671 1479 mearum
711 1431 928 1497 perdidi,
962 1442 1010 1479 et
1039 1434 1202 1480 nescio
1236 1433 1354 1498 quid
1388 1433 1577 1481 sceleris
1609 1433 1878 1480 commisis-

460 1525 578 1557 sem.
606 1528 629 1553 »
657 1512 788 1556 Tunc
818 1509 888 1556 vir
911 1509 1010 1573 ille,
1034 1520 1262 1575 tanquam
1290 1511 1534 1577 discipulis
1557 1511 1794 1558 Dominus
1816 1510 1877 1557 de

458 1602 582 1634 caeco
605 1596 736 1645 nato,
760 1587 872 1652 quia
894 1604 1051 1653 neque
1069 1589 1146 1636 ille
1163 1599 1462 1654 peccaverat,
1483 1584 1639 1653 neque
1658 1599 1878 1654 parentes

458 1663 586 1727 ejus,
631 1665 715 1712 sed
752 1674 804 1711 ut
837 1660 1217 1714 manifestaretur
1254 1685 1375 1732 opus
1409 1667 1497 1714 Dei
1538 1668 1585 1714 iu
1617 1666 1698 1713 illo
1713 1669 1744 1725 ²,
1777 1666 1872 1713 ait:

462 1762 484 1784 «
503 1741 728 1790 Debilitas
745 1753 826 1790 tua
843 1753 1136 1791 tormentum
1156 1745 1335 1793 indicat
1350 1744 1517 1811 populi
1537 1744 1873 1808 delinquentis,

460 1819 589 1866 Vade
608 1837 721 1884 ergo
744 1838 873 1868 nunc
896 1838 982 1886 per
1003 1823 1135 1869 vicos
1165 1833 1213 1869 et
1243 1822 1456 1881 castella,
1486 1831 1533 1869 et
1554 1821 1615 1869 ad
1638 1821 1877 1869 civitatem

461 1914 607 1962 usque
634 1898 892 1963 pertende3
918 1909 964 1946 et
982 1900 1203 1965 praedica,
1223 1910 1276 1948 ut
1292 1917 1342 1948 se
1362 1900 1520 1947 omnis
1538 1899 1689 1946 homo
1708 1915 1738 1947 a
1760 1898 1879 1963 rapi-

460 1975 557 2036 nis,
586 1975 803 2041 perjuriis
825 1986 873 2023 et
902 1977 1056 2024 usuris
1080 1977 1336 2038 abstineat,
1363 1987 1410 2025 et
1446 1977 1495 2024 in
1526 1976 1604 2023 die
1634 1975 1878 2024 dominico

461 2051 644 2099 nullum
677 2070 818 2118 opus,
843 2045 1027 2119 absque
1058 2053 1437 2102 solemnitatibus
1475 2053 1714 2118 mysticiS,
1753 2062 1874 2114 agat.

463 2131 581 2177 Ecce
604 2131 731 2177 enim
763 2148 926 2180 coram
957 2132 1168 2179 Domino
1194 2132 1243 2179 in
1280 2131 1502 2197 lacrymis
1534 2130 1879 2179 decumbemus

462 2208 649 2255 veniam
667 2226 756 2274 pro
770 2209 953 2275 populo
968 2209 1296 2276 deprecantes,
1315 2219 1361 2257 et
1383 2209 1542 2257 adbuc
1567 2225 1674 2274 spes
1697 2217 1767 2256 est
1792 2207 1878 2254 ob·-

463 2284 660 2346 tinendi,
679 2287 717 2333 si
739 2286 1009 2335 emendatio
1035 2286 1352 2352 subsequatur
1373 2287 1422 2334 in
1446 2286 1602 2354 plebe.
1633 2288 1756 2333 Nam
1768 2285 1880 2331 hos·

465 2362 669 2423 tilitates,
697 2374 743 2412 et
775 2364 1098 2426 infirmitates,
1124 2374 1171 2413 et
1192 2364 1285 2412 alia
1308 2364 1456 2412 multa
1477 2364 1619 2425 mala,
1643 2379 1749 2428 quae
1772 2379 1880 2427 per-

465 2440 551 2488 fert
576 2442 807 2507 populus,
836 2439 1103 2508 indignatio
1132 2443 1323 2490 Domini
1355 2451 1648 2490 commovet.
1685 2443 1743 2488 Et
1771 2440 1880 2487 ideo

466 2520 695 2567 annuntia
716 2521 958 2583 velociter,
986 2531 1039 2568 ut
1063 2537 1112 2568 se
1135 2520 1392 2568 emendare
1415 2518 1664 2579 studeant,
1691 2534 1752 2565 ne
1772 2534 1880 2565 cru-

518 2707 572 2753 (l)
591 2707 877 2754 cinomannicis,
900 2710 1027 2756 2204,
1049 2710 1169 2757 5326,
1191 2710 1317 2757 53293
1338 2722 1423 2762 sup.
1447 2710 1547 2756 2433
1566 2720 1652 2759 sup.
1675 2708 1767 2754 478,
1786 2714 1877 2752 etc.;

467 2767 746 2820 Cynom‘anicis,
769 2774 886 2812 5334.
908 2773 994 2813 Vid.
1020 2787 1058 2826 p.
1080 2775 1158 2812 140
1183 2780 1220 2811 et
1241 2773 1397 2825 passim.

520 2834 570 2886 (Ξ)
589 2839 697 2874 Joan.
718 2850 757 2874 xx
770 2866 781 2885 ,
805 2839 844 2877 2.
