2028 3458
432 354 510 391 156
655 351 720 389 DE
748 349 1039 388 VIRTUTIBUS
1067 350 1239 387 SANCTI
1268 350 1491 390 MARTINI.
1515 371 1566 379 —
1582 351 1631 388 11.

936 471 1095 508 CAPUT
1115 472 1325 510 XXXVIII.

977 558 1030 591 De
1046 557 1163 604 puella
1182 565 1291 593 muta.

499 652 657 699 Puella
679 650 898 714 quaedam
922 651 1118 716 parvula
1134 689 1145 711 ,
1174 651 1398 716 indigena
1417 653 1664 700 Turonicae
1687 652 1848 699 civita-

430 732 504 790 tis,
532 728 592 776 ab
622 738 757 775 utero
790 728 952 775 matris
987 745 1081 776 suae
1117 739 1248 777 muta
1278 730 1524 794 processit.
1552 731 1696 794 Cujus
1722 747 1776 776 os
1798 730 1845 776 in

429 817 613 855 tantum
639 806 911 855 obseratum
933 807 1035 867 suit,
1058 817 1111 854 ut
1135 825 1222 855 nec
1242 808 1344 855 illas
1366 825 1472 872 quae
1496 808 1849 856 cunabulorum

428 897 612 950 tempus
640 885 782 948 exigit
818 902 960 932 voces
1001 895 1161 951 posset
1195 886 1427 934 emittere.
1462 889 1611 933 Mater
1643 903 1756 933 vero
1788 886 1849 933 de

427 975 520 1011 tam
542 964 659 1010 tristi
685 962 776 1009 fetu
801 964 958 1023 anxia,
985 981 1095 1012 cum
1120 964 1302 1028 lugeret
1329 963 1540 1023 assidue,
1567 980 1849 1011 commone-

428 1051 503 1087 tur
527 1043 613 1106 p‘er
636 1042 792 1088 visum
817 1051 869 1088 ut
892 1041 1018 1089 beati
1034 1042 1242 1107 praesulis
1259 1042 1531 1107 sepulcrum
1550 1041 1716 1088 adiret.
1734 1043 1852 1099 Quae

426 1118 630 1166 exhibita
662 1134 824 1164 secum
862 1119 1020 1184 puella
1051 1120 1205 1185 pergit
1238 1119 1502 1184 intrepida3
1542 1120 1851 1184 expositaque

425 1205 535 1242 ante
565 1194 839 1259 sepulcrum
873 1197 1041 1257 sancti,
1079 1214 1192 1244 cum
1222 1197 1487 1244 diutissime
1517 1206 1725 1255 orasset,
1764 1197 1848 1244 ite·

427 1290 532 1319 rum
555 1289 659 1319 eam
685 1289 848 1319 secum
871 1274 1083 1321 assumit.
1120 1278 1333 1322 Accenso
1368 1291 1487 1337 vero
1507 1273 1818 1338 thymiamate
1835 1310 1847 1334 ,

428 1367 537 1397 cum
560 1367 664 1397 eam
690 1350 896 1416 desuper
919 1352 1157 1413 retineret,
1186 1354 1445 1417 interrogat
1469 1368 1575 1400 eam
1602 1353 1641 1399 si
1666 1352 1850 1398 bonum

435 1429 477 1475 ei
501 1428 701 1475 odorem
727 1429 935 1476 faceret?
962 1430 1045 1477 llla
1068 1429 1316 1494 respondit
1342 1448 1352 1475 ε
1384 1451 1406 1473 ι(
1431 1433 1637 1476 Bonum.
1670 1450 1691 1471 ν
1720 1432 1853 1476 Hanc

427 1506 630 1571 primam
655 1523 823 1553 vocem
847 1507 952 1555 filiae
974 1502 1125 1555 mater
1150 1517 1316 1555 moesta
1349 1508 1593 1572 cognovit.
1624 1507 1852 1571 Imposita

428 1600 540 1630 vero
564 1585 635 1630 ori
660 1585 761 1648 ejus
781 1601 922 1649 aqua,
946 1602 1093 1650 quam
1116 1585 1365 1650 quondam
1389 1585 1450 1632 de
1477 1584 1693 1631 fontibus
1716 1600 1852 1631 acce-

429 1672 562 1727 perat
581 1662 862 1720 benedictis,
883 1664 1144 1728 interrogat
1165 1665 1338 1712 iterum
1357 1663 1547 1728 qualem
1565 1663 1608 1710 ei
1632 1679 1852 1727 saporem

428 1738 675 1804 praeberet.
716 1740 799 1787 Illa
832 1741 1081 1806 respondit
1112 1760 1122 1787 :
1169 1762 1191 1785 (ι
1226 1744 1430 1788 Bonum.
1472 1760 1494 1784 »
1534 1743 1665 1787 Tunc
1702 1750 1854 1786 mater

428 1833 537 1863 cum
560 1818 733 1882 gaudio
761 1820 990 1884 sospitem
1012 1818 1215 1866 domum
1238 1818 1383 1865 filiam
1402 1818 1564 1879 refert,
1587 1834 1732 1882 quam
1752 1818 1855 1864 tris-

431 1895 487 1942 tis
512 1896 573 1943 ad
598 1896 724 1944 beati
748 1897 987 1944 tumulum
1012 1896 1108 1944 fide
1130 1896 1227 1944 fida
1249 1896 1500 1944 detulerat.

966 2034 1123 2069 CAPUT
1151 2034 1324 2070 XXXIX.

585 2120 637 2153 De
655 2131 698 2153 eo
713 2118 810 2166 quod
827 2118 979 2154 Aredius
994 2119 1179 2167 presbyter
1194 2131 1260 2165 pro
1278 2116 1526 2152 benedictione
1541 2116 1707 2163 portavit.

500 2215 732 2278 Aredius¹,
749 2217 820 2263 vir
834 2216 1081 2281 religiosus
1096 2233 1151 2263 ex
1166 2216 1494 2273 Lemovicin0‚
1511 2230 1652 2262 causa
1668 2224 1851 2262 tantum

443 2293 709 2341 devotionis
746 2297 963 2341 'l'uron'os
999 2293 1219 2353 advenit,
1261 2303 1308 2341 et
1349 2293 1542 2340 beatum
1584 2291 1854 2357 sepulcrum

440 2371 624 2417 orando
658 2372 959 2429 deosculans,
991 2372 1051 2419 ad
1087 2372 1428 2419 monasterium
1462 2381 1679 2417 sanctum
1714 2386 1855 2417 amne

438 2449 636 2494 transito
667 2451 900 2513 pervenit.
930 2451 1023 2508 Qui
1055 2450 1170 2497 dum
1200 2449 1384 2513 singula
1415 2449 1520 2495 loca
1548 2449 1723 2506 visitat,
1750 2464 1855 2511 quae

438 2526 510 2571 vii·
549 2525 714 2573 beatus
755 2537 836 2574 aut
878 2527 1063 2574 orando
1113 2527 1437 2592 depresserat,
1481 2536 1564 2573 aut
1608 2525 1854 2591 psallendo

438 2602 825 2665 sanctificaverat,
852 2621 907 2652 ac
929 2604 1010 2652 ubi
1036 2605 1109 2652 vel
1134 2605 1255 2651 sesso
1286 2605 1478 2669 corpori
1502 2621 1749 2659 somnum,
1782 2603 1854 2650 vel

493 2784 546 2829 (1)
568 2769 725 2833 Aliquot
747 2796 835 2821 mss.
870 2786 1048 2830 Ariclius;
1077 2783 1167 2822 editi
1202 2785 1357 2822 Aridus.
1387 2784 1459 2823 Sed
1480 2783 1541 2822 hic
1562 2792 1616 2821 est
1635 2792 1786 2821 sanctus
1806 2782 1854 2819 de

438 2860 514 2898 quo
533 2849 673 2899 passim
694 2850 770 2900 agit
790 2851 1010 2901 Gregorius,
1038 2853 1115 2895 (R.)
