2028 3458
448 251 523 289 1134
818 250 884 285 DE
912 249 1098 286 GLORIA
1125 249 1492 287 CONFESSORUM.

988 384 1142 419 CAPUT
1166 385 1318 421 XLVII.

796 486 849 519 De
866 484 1006 519 duobus
1022 485 1237 533 presbyteris
1251 485 1492 531 psallentibus.

505 593 622 637 Sunt
645 592 787 637 etiam
809 590 898 637 sub
922 589 1134 653 ejusdem
1169 591 1391 637 territorii
1419 591 1526 638 vico
1558 594 1727 657 sepulti
1758 593 1856 639 duo

438 667 726 732 presbyteri,
767 677 818 714 ut
855 684 929 714 res
962 668 1062 732 ipsa
1096 667 1326 728 declarat,
1374 669 1568 732 egregiae
1601 672 1855 718 sanctitatis

438 745 543 791 viri.
573 747 691 791 Nam
719 761 801 791 eos
823 754 932 808 post
953 744 1167 809 sepulcra
1190 745 1366 804 vivere,
1394 746 1540 810 ipsius
1562 746 1630 792 rei
1654 748 1856 795 miracu-

435 823 535 869 lum
558 837 662 884 quae
689 822 865 884 geritur
888 821 1264 869 manifestissime
1282 822 1439 869 docet.
1469 825 1521 869 ln
1542 839 1636 869 una
1660 823 1855 887 quidem

436 908 547 945 sunt
584 897 754 962 sepulti
787 896 999 956 basilica,
1032 898 1116 944 sed
1142 914 1169 945 e
1199 898 1393 945 diversis
1422 898 1695 963 parietibuS.
1740 901 1856 946 Nam

435 976 576 1022 unius
598 992 766 1022 eorum
790 975 1060 1040 sepulcrum
1083 991 1112 1022 a
1134 985 1267 1040 parte
1291 976 1474 1035 Austri,
1501 976 1691 1023 alterius
1711 976 1854 1024 habe-

435 1062 512 1099 tur
534 1053 595 1100 ad
617 1052 916 1116 Aquilonem.
946 1053 1090 1115 Igitur
1108 1069 1219 1099 cum
1240 1052 1302 1099 ad
1325 1052 1624 1116 implendum
1644 1051 1854 1100 officium

434 1129 592 1176 clerici
618 1129 921 1194 psallentium
944 1139 1186 1194 coeperent
1221 1145 1456 1187 exercere,
1479 1138 1541 1188 et,
1578 1128 1735 1177 choris
1757 1146 1785 1176 a
1808 1147 1857 1177 se

434 1207 593 1266 factis,
641 1208 852 1254 Domino
899 1206 1040 1254 turba
1083 1223 1261 1254 canora
1305 1207 1562 1254 concinere
1583 1244 1595 1266 ,
1635 1209 1858 1255 miscetur

433 1284 626 1349 publico
673 1301 766 1332 vox
801 1285 1046 1349 utriusque
1089 1284 1338 1349 psallentio
1372 1304 1381 1331 :
1414 1295 1462 1332 et
1498 1302 1622 1332 unus
1662 1287 1854 1349 quidem

432 1360 608 1408 chorus
656 1362 795 1409 unius
826 1362 958 1409 vocis
998 1361 1237 1425 adjutorio
1277 1362 1544 1425 adjuvetur,
1588 1362 1707 1409 alius
1743 1380 1855 1410 vero

429 1438 622 1485 'alterius
652 1439 782 1485 vocis
824 1438 1148 1485 modulamine
1174 1438 1479 1485 convalescit.
1509 1442 1760 1504 Tantaeque
1786 1451 1855 1488 est

431 1512 671 1559 suavitatis
700 1511 842 1575 hujus
870 1521 1147 1572 concentus,
1185 1521 1238 1557 ut
1263 1511 1560 1558 audientium
1592 1528 1713 1577 saepe
1738 1514 1857 1559 mul-

432 1601 535 1638 ceat
563 1600 767 1638 attentos
789 1591 993 1638 auditus.
1027 1590 1294 1639 Probantur
1316 1600 1362 1637 et
1385 1607 1497 1638 cum
1522 1591 1595 1638 his
1627 1592 1853 1657 pleraque

431 1669 662 1732 indulgeri
698 1668 946 1730 beneficia,
978 1669 1016 1715 si
1039 1667 1191 1716 fidelis
1215 1669 1366 1715 oratio
1390 1670 1715 1733 praemittatur.
1754 1671 1855 1733 Agi-

434 1755 511 1792 tur
533 1755 691 1792 autem
714 1745 810 1793 hoc
835 1746 883 1792 in
908 1747 1016 1793 vico
1041 1745 1391 1793 Vodollacensi.

956 1896 1111 1930 CAPUT
1137 1879 1310 1930 XLVIII.

920 1997 972 2029 De
997 1994 1149 2030 Ecclesia
1174 1995 1375 2029 Reontiensi

504 2104 642 2151 Haud
662 2121 797 2152 secus
816 2114 862 2152 et
885 2105 1085 2152 Reontio
1108 2104 1219 2151 villa
1240 2114 1311 2151 est
1332 2104 1380 2150 in
1401 2120 1495 2168 qua
1516 2121 1626 2151 cum
1650 2113 1769 2151 esset
1781 2121 1851 2150 ec-

437 2181 577 2229 clesia
590 2181 840 2243 catholica,
864 2181 1227 2229 advenientibus
1245 2181 1455 2242 Gothis¹‚
1483 2181 1543 2229 ad
1566 2197 1700 2228 suam
1717 2191 1851 2228 sectae

438 2258 794 2305 immunditiam
841 2274 946 2305 eam
985 2258 1343 2305 transtulerunt.
1392 2260 1471 2304 Est
1513 2267 1672 2304 autem
1714 2274 1850 2304 secus

441 2352 545 2383 eam
567 2335 738 2384 domus
759 2353 947 2400 magna,
977 2351 1182 2400 cumque
1205 2334 1449 2382 adveniret
1468 2334 1624 2398 vigilia
1648 2333 1846 2399 paschae,

439 2412 519 2459 hic
555 2429 666 2459 cum
704 2412 1032 2475 haereticorum
1070 2410 1396 2459 sacerdotibus
1431 2411 1654 2476 parvulos
1689 2411 1739 2457 in
1782 2428 1852 2458 ec·

441 2488 580 2536 clesia
610 2498 771 2535 nostra
798 2487 1103 2552 tinguebant3
1142 2497 1195 2534 ut
1220 2497 1392 2551 negato
1415 2487 1592 2534 scilicet
1619 2486 1848 2534 sacerdoti

439 2564 571 2612 aditu
615 2564 908 2630 baptizandi,
947 2565 1126 2612 facilius
1169 2564 1229 2611 ad
1272 2564 1397 2612 hanc
1428 2575 1604 2612 sectam
1643 2564 1848 2630 populus

493 2722 546 2768 (1)
566 2720 713 2758 Saeculo
734 2720 881 2770 quinto.
