2028 3458
401 280 478 318 184
614 282 679 317 DE
708 280 997 318 VIRTUTIBUS
1025 281 1198 318 SANCTI
1228 280 1450 317 MARTINI.
1470 300 1523 307 —
1542 281 1593 317 11.

399 368 528 414 mine
543 366 716 413 Christi
730 366 1044 430 redemptoris
1056 366 1222 413 nostri.
1244 384 1266 410 υ
1284 369 1342 412 Et
1353 365 1650 431 apprehensa
1669 381 1815 417 manu

401 445 520 508 ejus,
540 445 665 491 misit
690 443 892 506 digitum
916 459 1054 489 suum
1080 444 1203 490 inter
1225 443 1398 508 digitos
1420 443 1561 501 illius,
1584 442 1668 507 qui
1690 442 1817 488 clau·

400 520 800 585 serantpalmam,
818 530 863 566 et
873 535 1132 583 parumper
1153 536 1370 581 movens,
1388 519 1556 567 direxit
1576 536 1675 565 eos.
1690 521 1816 564 Dum

395 599 495 647 haec
528 598 576 644 in
610 598 715 644 visu
744 596 929 643 videret
961 595 1205 659 evigilans,
1240 596 1481 644 defluente
1513 596 1672 643 adhuc
1703 612 1817 642 san-

399 676 558 739 guine,
586 691 749 722 sanam
785 674 986 720 elevavit
1012 689 1210 720 manum
1242 674 1289 720 in
1314 674 1397 721 Dei
1423 673 1663 721 laudibus.
1684 672 1818 719 Dilu-

401 753 510 800 culo
533 762 694 799 autem
712 766 922 815 regressa
941 751 1002 798 ad
1022 750 1283 809 basilicam,
1300 760 1344 797 et
1358 750 1550 815 impleta
1566 751 1819 815 gratiarum

405 831 609 888 actione,
639 829 742 876 laeta
766 828 951 875 redivit.

960 1203 1116 1238 CAPUT
1142 1203 1259 1238 LVII.

406 1287 457 1319 De
476 1298 515 1320 ea
532 1298 609 1332 quae
631 1285 717 1321 dum
745 1285 781 1320 in
805 1286 989 1321 festivitate
1007 1287 1118 1322 sancti
1136 1286 1284 1321 Joannis
1310 1286 1542 1333 operabatur,
1565 1284 1746 1319 debilitata
1764 1292 1827 1318 est.

473 1386 527 1429 In
566 1383 814 1430 festivitate
847 1399 962 1430 vero
991 1382 1119 1430 beati
1153 1382 1350 1429 Joannis
1380 1398 1491 1429 cum
1526 1381 1734 1446 populus
1769 1381 1829 1428 ad

407 1460 656 1507 missarum
694 1460 927 1507 solemnia
962 1461 1262 1518 conveniret,
1301 1460 1471 1506 mulier
1501 1459 1719 1522 quaedam
1754 1475 1831 1505 ac-

408 1547 548 1602 cepto
579 1536 783 1598 sarculo,
804 1553 972 1600 agrum
994 1537 1128 1595 adiit,
1156 1547 1206 1584 ut
1229 1537 1407 1584 scilicet
1430 1536 1592 1584 evulsa
1622 1536 1734 1583 mali
1757 1552 1831 1583 se·

410 1615 551 1661 minis
574 1615 772 1673 zizania,
788 1631 991 1662 messem
1009 1614 1109 1662 sola
1120 1624 1343 1680 purgaret
1360 1633 1372 1674 3
1399 1630 1489 1660 nec
1505 1614 1632 1660 enim
1647 1623 1835 1678 poterat

409 1709 512 1740 esse
540 1692 712 1740 vallata
746 1692 911 1739 divino
949 1692 1119 1740 solatio
1158 1691 1222 1738 ob
1254 1691 1569 1739 reverentiam
1604 1691 1834 1738 dominici

411 1771 734 1836 praecursoris.
760 1773 980 1835 Cumque
1003 1771 1192 1835 operari
1216 1771 1435 1836 coepisset
1450 1805 1463 1829 ‚
1490 1769 1712 1835 protinus
1734 1784 1835 1815 ma-

412 1865 502 1895 uus
521 1848 622 1912 ejus
646 1848 810 1895 divino
832 1848 940 1911 igne
979 1857 1091 1895 sunt
1123 1848 1451 1913 apprehensae,
1478 1848 1618 1894 facies
1639 1864 1836 1912 quoque

414 1925 514 1988 ejus
549 1926 685 1989 quasi
719 1926 942 1973 emittens
981 1926 1216 1985 flammas,
1244 1935 1343 1973 tota
1374 1925 1541 1973 vesicis
1570 1941 1626 1971 ac
1656 1924 1838 1988 pusulis

416 2001 647 2048 ebullivit.
672 2002 910 2050 Urebatur
930 2003 1100 2050 misera
1120 2019 1219 2049 non
1245 2003 1405 2049 minus
1429 2001 1626 2066 pudoris
1648 2000 1834 2061 dolore,

414 2094 561 2142 quam
580 2079 816 2143 corporis,
840 2078 1038 2142 quando
1058 2094 1115 2126 ea
1147 2095 1254 2143 quae
1291 2079 1416 2126 clam
1439 2088 1663 2141 gesserat,
1693 2078 1838 2124 invita

415 2155 667 2220 prodebat.
704 2156 888 2203 Dehinc
921 2156 1228 2203 vociferando
1256 2166 1402 2220 atque
1434 2154 1684 2219 ejulando,
1714 2155 1840 2202 beati

416 2234 606 2280 Martini
646 2233 889 2281 basilicam
926 2233 1153 2281 velociter
1188 2234 1442 2298 expetivit3
1480 2242 1590 2280 ante
1614 2232 1749 2295 cujus
1768 2249 1841 2279 se-

417 2309 638 2374 pulcrum
659 2310 707 2359 in
724 2310 820 2358 hoc
843 2320 1086 2358 tormento
1103 2327 1190 2374 per
1210 2320 1418 2375 quatuor
1442 2310 1678 2357 mensium
1692 2309 1843 2374 spatia

418 2396 674 2451 prostrata,
697 2389 922 2448 restincto
946 2388 1080 2435 omni
1098 2403 1297 2452 vapore,
1324 2387 1372 2433 in
1402 2387 1715 2450 integritatem
1735 2402 1841 2432 cor·

420 2466 551 2531 poris
586 2466 788 2514 solidata
822 2476 909 2514 est.
955 2469 1063 2514 Erat
1088 2466 1217 2513 enim
1255 2465 1426 2512 ancilla
1460 2463 1708 2528 cujusdam
1731 2463 1845 2510 civis

417 2544 658 2603 Tumuici,
682 2545 763 2608 qui
787 2544 1037 2591 medietate
1066 2544 1203 2608 pretii
1228 2559 1475 2599 concessa,
1509 2542 1648 2588 aliam
1683 2541 1841 2604 requi-

421 2630 543 2667 sivn.
