2028 3458
431 298 508 335 246
631 298 697 334 DE
727 296 1014 333 VIRTUTIBUS
1042 296 1213 334 SANCTI
1243 297 1466 333 MARTIM.
1483 317 1533 324 —-
1558 298 1628 335 111.

426 384 562 443 lenis,
591 383 750 448 elapsa
791 382 979 430 beatam
1012 382 1256 431 basilicam
1290 384 1530 449 expetivit.
1564 387 1738 431 Verum
1761 383 1843 430 uhi

430 461 635 526 primum
662 459 807 524 pedes
844 459 944 522 ejus
976 475 1106 506 sacra
1140 460 1303 508 limina
1334 462 1650 524 contigerunt,
1686 460 1841 506 statim

430 537 679 583 confractae
701 546 876 583 catenae
898 536 1169 582 ceciderunt
1188 552 1215 583 a
1231 536 1355 583 collo
1370 537 1469 601 ejus
1486 558 1498 599 ;
1518 548 1563 585 et
1582 538 1647 584 sic
1666 535 1843 583 incolu-

431 614 590 659 mitate
613 613 787 677 pariter
801 612 1112 676 libertateque
1136 613 1311 660 donata
1332 623 1417 660 est.

987 807 1144 842 CAPUT
1169 807 1286 844 XLII.

749 905 798 937 De
815 904 906 937 libro
919 903 1007 937 Vitae
1021 907 1096 951 ejus
1109 904 1199 937 inter
1211 903 1368 937 flammas
1384 903 1528 938 salvato.

495 997 621 1054 Quid
645 999 683 1044 si
706 998 767 1045 ad
790 999 891 1062 ipsa
914 998 1061 1045 beatae
1083 999 1187 1046 vitae
1209 999 1383 1064 scripta
1409 997 1682 1045 recurram?
1712 1000 1844 1043 Nun-

429 1075 544 1136 quid
577 1092 675 1123 non
700 1076 787 1122 erit
807 1076 1102 1131 admirabile,
1129 1076 1258 1141 quod
1285 1092 1417 1123 sacer
1436 1075 1512 1122 ille
1535 1075 1677 1137 hujus
1700 1073 1846 1120 histo-

429 1150 507 1196 riae
537 1150 672 1211 liber,
708 1153 1029 1200 circumdatus
1060 1154 1279 1208 flammis,
1320 1170 1409 1200 nec
1440 1152 1633 1199 adustus
1661 1161 1729 1198 est
1756 1169 1845 1199 nec

429 1229 777 1293 consumptus?
809 1230 1070 1278 Monachus
1100 1231 1240 1294 igitur
1270 1230 1461 1293 Majoris
1487 1229 1760 1276 monasterii
1790 1245 1846 1274 ex

424 1306 559 1368 jussu
591 1306 777 1353 abbatis
796 1307 857 1354 ad
891 1308 1110 1355 cellulam
1134 1308 1291 1367 aliam,
1318 1308 1453 1371 quasi
1476 1306 1655 1371 aliquid
1677 1322 1845 1370 opera-

431 1392 588 1442 turus,
623 1386 836 1444 accessit,
864 1401 918 1431 ac
941 1402 1030 1450 pro
1058 1385 1207 1432 salute
1241 1386 1410 1432 animae
1440 1401 1495 1431 ac
1529 1385 1635 1430 vitae
1665 1399 1848 1429 correc—

430 1459 578 1520 tione,
594 1461 768 1508 librum
791 1463 896 1509 vitae
918 1462 1046 1510 beati
1062 1463 1284 1509 antistitis
1303 1461 1474 1509 detulit
1500 1477 1681 1507 secum.
1702 1459 1848 1506 Adve-

431 1537 591 1584 niente
609 1555 722 1585 vero
744 1550 902 1598 nocte,
928 1541 976 1586 in
1002 1540 1177 1587 lectulo
1198 1557 1247 1587 se
1265 1539 1492 1586 diuturno
1517 1538 1712 1603 oppleto
1735 1546 1848 1583 stra-

431 1614 559 1660 mine
581 1616 802 1677 collocat,
830 1617 1005 1664 librum
1024 1618 1084 1664 ad
1115 1627 1258 1682 caput
1276 1617 1456 1663 locans.
1482 1616 1570 1662 Cui
1592 1614 1849 1661 dormienti

431 1694 649 1755 apparuit
674 1695 746 1740 vir
770 1712 853 1759 per
875 1712 1117 1754 somnum,
1145 1695 1308 1742 dicens
1335 1712 1345 1740 :
1379 1714 1401 1738 «
1425 1692 1530 1740 Noli
1566 1691 1776 1738 dormire
1799 1691 1848 1736 in

431 1768 504 1815 his
527 1770 691 1834 paleiS,
720 1773 952 1835 sanguine
976 1773 1105 1819 enim
1130 1789 1328 1836 aspersae
1350 1781 1477 1818 sunt.
1509 1790 1531 1812 ³>
1559 1768 1714 1816 Credo
1739 1785 1845 1831 ego,

435 1857 486 1893 ut
501 1849 758 1896 mortalitas
771 1850 935 1910 habet,
952 1851 1146 1914 aliquod
1161 1851 1208 1896 in
1222 1851 1295 1896 his
1310 1850 1490 1896 facinus
1505 1857 1847 1912 perpetratum,

433 1933 478 1969 et
515 1924 578 1970 ob
603 1925 697 1972 hoc
731 1944 830 1973 non
851 1937 1090 1991 pateretur
1116 1928 1185 1973 vir
1208 1927 1375 1974 beatus
1404 1925 1549 1972 verba
1574 1923 1726 1970 laudis
1757 1940 1852 1969 suae

435 2001 549 2046 inibi
574 2003 796 2049 volutari.
827 2005 991 2051 Facilis
1010 2013 1166 2050 autem
1190 2004 1344 2067 prima
1366 2003 1485 2048 visio
1508 2002 1611 2047 viro
1636 2000 1736 2058 fuit,
1764 2015 1851 2044 nec

436 2078 643 2125 secunda
666 2082 982 2126 commonitio
1003 2080 1150 2127 valuit
1182 2098 1192 2125 ε
1230 2080 1365 2126 tertia
1398 2088 1555 2125 autem
1586 2076 1852 2123 terribiliter

438 2155 730 2201 monachum
755 2158 920 2220 quatit.
955 2160 1007 2203 At
1025 2157 1101 2204 ille
1125 2173 1340 2221 surgens,
1363 2166 1409 2202 et
1434 2155 1494 2201 ad
1515 2170 1710 2219 operam
1735 2152 1853 2198 dilu-

436 2230 545 2276 culo
572 2234 899 2295 progredienS,
927 2251 1077 2298 puero
1098 2233 1233 2297 jubet
1255 2243 1306 2280 ut
1325 2233 1481 2297 paleas
1511 2249 1537 2279 a
1561 2231 1735 2278 lectulo
1763 2231 1853 2276 de-

437 2316 609 2355 tractas
636 2310 741 2372 igne
753 2322 1073 2370 consumeret,
1094 2311 1211 2357 nihil
1225 2311 1285 2358 de
1306 2309 1429 2356 libro
1447 2324 1850 2356 commemorans,

440 2386 560 2430 Puer
581 2403 693 2431 vero
726 2388 916 2449 ignarus
947 2390 1067 2434 inter
1093 2388 1250 2452 paleas
1289 2387 1640 2453 apprehensum
1677 2385 1852 2431 librum

440 2460 563 2507 foras
589 2463 743 2526 ejecit,
772 2475 817 2510 et
837 2466 991 2527 ignem
1010 2466 1242 2512 accendit.
1272 2464 1457 2523 Quibus
1482 2465 1527 2510 in
1548 2464 1755 2511 favillam
1780 2480 1854 2509 re-

437 2534 602 2591 dactis,
632 2554 741 2584 cum
765 2539 881 2586 nihil
909 2540 1035 2587 aliud
1062 2542 1149 2587 nisi
1183 2542 1364 2589 cineres
1400 2540 1749 2599 remansissent,
1773 2555 1853 2604 ap-

439 2614 598 2676 paruit
621 2614 740 2661 liber
767 2616 951 2677 illaesus,
976 2618 1035 2665 de
1055 2635 1151 2682 qno
1171 2635 1268 2664 nou
1296 2617 1464 2675 littera,
1490 2634 1587 2664 non
1613 2633 1779 2675 unum,
1802 2625 1854 2661 ut

442 2691 611 2737 veritas
636 2686 797 2753 habet,
830 2694 993 2740 solium
1028 2706 1097 2742 est
1123 2705 1479 2759 consumptum.
1508 2697 1577 2741 Ita
1610 2694 1758 2740 virtus
1780 2692 1853 2738 di-

440 2769 549 2816 vina
570 2771 810 2817 custodire
839 2772 1027 2832 dignata
1057 2783 1122 2820 est
1146 2773 1324 2820 alumni
1352 2770 1715 2836 quodammodo
1739 2786 1851 2833 pro-
