2028 3458
349 327 424 364 180
570 329 634 364 DE
666 327 955 364 VIRTUTIBUS
987 327 1158 365 SANCTI
1188 328 1411 366 MARTINI.
1433 329 1555 366 -ΙΙ,

925 467 1083 502 CAPUT
1104 469 1200 502 LIV.

795 551 847 584 De
865 551 982 597 puella
1002 549 1203 586 Lixoviensi
1219 563 1323 587 caeca.

412 650 459 695 Si
490 647 676 711 singula
705 663 905 712 quaeque
932 647 1007 694 vel
1038 664 1143 711 quae
1166 658 1389 712 aguntur,
1422 649 1494 695 vel
1530 665 1634 712 quae
1668 658 1769 696 acta

348 736 458 773 sunt
476 741 841 789 prosequamur,
855 740 1084 788 magnum
1108 724 1355 772 cumulum
1372 742 1687 789 congeremus
1711 725 1771 772 de

348 803 642 852 mirabilibus
665 802 966 873 confessoris.
1000 803 1184 850 Puella¹
1208 820 1322 851 vero
1346 820 1403 850 ex
1424 804 1652 851 Lexoensi
1672 804 1771 867 jam

344 882 530 941 adulta,
557 882 720 928 lumen
744 881 966 928 amiserat
989 880 1269 928 oculorum:
1300 898 1406 945 quae
1428 883 1578 928 sancti
1602 882 1769 928 limina

345 959 519 1006 devote
564 958 748 1019 adiens,
777 975 864 1023 per
907 975 1053 1006 omne
1085 969 1272 1023 tempus
1308 959 1569 1005 festivitatis
1606 957 1773 1005 orabat

346 1035 496 1083 humo
522 1044 773 1100 prostrata.
797 1035 952 1082 Tertia
977 1045 1137 1083 autem
1162 1035 1239 1082 die
1262 1045 1372 1100 post
1395 1045 1610 1082 sanctam
1638 1035 1772 1081 festi-

343 1113 554 1174 vitatem,
581 1130 693 1160 cum
716 1113 787 1160 sui
813 1129 920 1159 eam
939 1112 1095 1160 redire
1119 1123 1359 1177 urgerent,
1384 1122 1519 1176 rogat
1545 1130 1594 1160 se
1617 1113 1679 1159 ad
1701 1130 1772 1160 se·

349 1191 569 1256 pulcrum
608 1190 736 1237 beati
776 1190 968 1237 deduci.
1011 1189 1174 1254 Ibique
1210 1191 1383 1237 iterum
1420 1200 1563 1255 atque
1600 1192 1773 1238 iterum

347 1278 601 1334 prostrata,
627 1268 688 1315 de
705 1268 847 1332 palla,
868 1285 975 1331 quae
991 1278 1214 1316 sanctum
1236 1269 1350 1332 tegit
1373 1268 1629 1327 tumulum,
1657 1285 1772 1315 ocu·

347 1345 420 1392 los
439 1345 732 1409 abstergens,
750 1354 795 1390 et
810 1344 1081 1392 valedicens
1103 1344 1333 1392 discessit.
1361 1348 1579 1409 Cumque
1603 1345 1770 1407 jamin

346 1424 458 1470 navi
483 1421 778 1479 ascenderet,
800 1422 864 1468 ait
892 1439 901 1466 ε
932 1440 955 1466 «
976 1422 1160 1469 Gratias
1186 1421 1272 1468 tibi
1296 1438 1404 1484 ag0,
1428 1421 1566 1468 beate
1585 1421 1774 1468 confes-

347 1517 444 1559 sor,
458 1500 604 1565 ‘quod
640 1501 727 1548 etsi
759 1500 920 1546 videre
959 1516 1058 1546 non
1089 1500 1242 1546 merui
1275 1509 1355 1546 tua
1389 1509 1552 1547 sancta
1586 1500 1769 1556 limina,

348 1578 423 1625 vel
453 1588 579 1625 tactu
609 1577 846 1643 praesensi.
887 1596 909 1621 »
946 1580 1068 1623 Cum
1106 1577 1246 1640 igitur
1280 1576 1379 1623 liaec
1411 1593 1522 1623 cum
1555 1576 1774 1640 lacrymis

348 1654 591 1711 edidisset,
615 1654 733 1701 dum
753 1653 955 1722 detergit
973 1653 1156 1714 oculos,
1176 1653 1340 1700 lumen
1367 1653 1563 1718 recepit,
1588 1663 1633 1700 et
1656 1670 1774 1700 con-

350 1748 486 1779 versa
508 1732 572 1778 ait
594 1748 604 1777 :
629 1750 652 1775 «
670 1731 884 1778 Forsitan
903 1731 1004 1777 haec
1029 1741 1099 1778 est
1121 1730 1248 1778 beati
1265 1730 1495 1777 basilica?
1518 1750 1540 1773 2>
1566 1731 1671 1788 Cui,
1692 1731 1776 1794 qui

349 1810 610 1874 propinqui
643 1819 803 1870 erant,
832 1809 895 1856 ita
918 1825 1020 1855 esse
1044 1809 1193 1856 aiunt.
1224 1812 1355 1855 Tunc
1381 1807 1492 1854 illa:
1525 1828 1546 1851 c<
1575 1811 1680 1854 Non
1707 1825 1776 1854 re-

350 1897 524 1947 vertar,
541 1887 715 1951 inquit,
736 1887 826 1933 nisi
847 1887 1018 1950 gratias
1031 1903 1122 1951 pro
1142 1896 1338 1951 accepta
1353 1887 1553 1934 sanitate
1571 1885 1775 1933 referam

351 1974 574 2028 patrono.
614 1963 913 2011 Redeuntem
943 1960 1128 2024 autem,
1158 1973 1205 2010 et
1241 1964 1290 2009 in
1326 1962 1518 2010 laudem
1555 1963 1776 2010 antistitis

352 2040 697 2088 declamantem
724 2040 861 2087 multi
884 2040 1125 2088 viderunt.
1154 2043 1271 2098 Quae
1294 2041 1531 2105 completa
1556 2042 1775 2087 oratione

355 2118 566 2181 gaudens
586 2117 817 2165 discessit.

933 2230 1087 2263 CAPUT
1118 2230 1176 2264 LV
1183 2257 1190 2264 .

664 2313 714 2346 De
732 2313 880 2359 puerulo
902 2324 1046 2346 manum
1066 2321 1280 2347 contractam
1300 2314 1464 2348 habente.

420 2410 471 2453 ln
497 2407 662 2454 eadem
700 2424 814 2455 vero
851 2408 1102 2456 festivitate
1132 2410 1251 2457 alius
1290 2411 1351 2457 de
1387 2413 1626 2458 Senonico
1658 2430 1778 2478 puer

354 2500 552 2531 manum
576 2484 758 2532 aridam
782 2484 965 2533 detulit.
998 2488 1108 2533 Post
1127 2498 1348 2549 quartam
1374 2498 1534 2535 autem
1559 2489 1687 2537 diem
1705 2507 1778 2537 so-

404 2627 457 2672 (1)
479 2625 622 2674 Laud„
639 2626 745 2673 Gat.‚
766 2624 875 2663 Colb.
898 2638 921 2663 a
944 2629 1043 2677 (sup.
1066 2628 1168 2674 243;
1190 2630 1323 2679 Cott.)‚
1345 2633 1471 2667 Paula
1501 2643 1581 2667 vero
1609 2638 1683 2669 etc.
1712 2633 1777 2667 In·-

352 2690 468 2729 serius
490 2703 584 2729 vero
602 2685 721 2730 Laud.
761 2694 817 2739 (et
846 2693 971 2740 5326,
999 2694 1123 2741 5329,
1150 2696 1286 2743 5335),
1321 2699 1522 2741 Lesoens1·‚·
1543 2696 1646 2734 unde
1677 2695 1776 2732 Editi

345 2757 483 2803 (2204,
507 2757 583 2794 478
605 2769 720 2807 sup.;
744 2758 870 2808 Sag.),
893 2759 1095 2802 Lesucmi;
1119 2758 1232 2807 Vici„
1256 2762 1491 2799 Luxovic‘nsi.
1513 2763 1777 2807 (RQ—Lexo-

349 2826 462 2859 viensi
492 2823 618 2870 5334,
643 2825 848 2859 Lea-ovensi
875 2835 959 2872 sup.
984 2824 1076 2860 243.
