2028 3458
470 231 545 269 344
835 230 901 266 DE
930 227 1117 266 GLORIA
1145 226 1508 266 CONFESSORUM.

470 318 694 384 operariis
721 316 943 363 deficeret
965 316 1093 380 quod
1119 316 1378 363 haurirent.
1406 316 1586 361 Mirum
1599 312 1753 360 dictu!
1782 322 1881 360 tota

469 398 545 444 die
563 397 622 443 ab
644 396 735 442 hoc
755 405 1015 441 extractum
1038 410 1282 458 nunquam
1304 393 1451 440 defuit
1469 391 1768 449 bibenilibus3
1796 391 1878 438 sed

471 490 716 537 usquequo
742 489 835 518 nox
869 471 1011 518 finem
1044 471 1274 536 operandi
1308 471 1442 533 fecit,
1472 470 1697 517 omnibus
1723 468 1808 516 suit
1830 467 1877 513 in

469 551 761 598 abundantia
783 550 1115 597 ministratum.

1093 724 1247 761 CAPUT
1267 726 1317 761 ΙΙ.

792 835 843 868 De
861 841 983 868 sancto
999 832 1136 868 Hilario
1153 832 1322 880 episcopo
1339 830 1560 867 Pictaviensi.

533 933 735 980 Hilarius
761 933 1061 981 beatissimus
1092 943 1262 997 quarto
1292 930 1441 980 exsilii
1467 948 1596 978 anno
1626 930 1688 978 ad
1714 929 1882 976 urbem

467 1013 712 1077 propriam
735 1022 803 1059 est
827 1028 1079 1076 regressus,
1100 1013 1391 1077 impletoque
1410 1010 1567 1075 operis
1587 1008 1704 1056 boni
1720 1025 1878 1069 cursu,

468 1089 688 1152 migravit
718 1089 779 1135 ad
815 1089 1093 1135 Dominum.
1123 1088 1190 1135 Ad
1220 1088 1354 1150 cujus
1383 1086 1579 1133 beatum
1612 1084 1882 1150 sepulcrum

468 1166 625 1213 multae
648 1166 842 1230 quidem
864 1166 1058 1213 virtutes
1093 1175 1288 1212 ostensae
1319 1174 1590 1221 narrantur,
1624 1179 1742 1226 quas
1766 1160 1886 1208 liber

470 1243 584 1290 Vitae
610 1243 709 1306 ejus
727 1243 956 1289 continet.
985 1242 1077 1289 Sed
1110 1252 1268 1289 tamen
1302 1241 1400 1288 duo
1423 1241 1598 1305 leprosi
1634 1240 1681 1285 in
1713 1238 1883 1286 eodem

470 1321 578 1367 loco
602 1320 819 1366 mundati
841 1330 965 1367 sunt.
994 1323 1130 1367 Mons
1148 1320 1277 1366 enim
1301 1329 1401 1366 erat
1421 1318 1469 1364 in
1492 1317 1774 1364 Gabalitano
1797 1326 1885 1362 ter-

471 1398 652 1457 ritorio,
687 1407 1006 1461 cognomento
1042 1397 1301 1454 Helanus¹,
1340 1396 1496 1443 laeum
1535 1394 1718 1442 habens
1754 1410 1883 1457 mag-

472 1492 589 1522 num
611 1494 621 1522 :
652 1475 712 1522 ad
736 1492 879 1539 quem
903 1485 1032 1521 certo
1055 1485 1270 1538 tempore
1296 1473 1552 1538 mult-itudo
1578 1472 1881 1530 rusticorum,

472 1555 605 1618 quasi
625 1553 849 1601 libamina
871 1554 995 1600 lacui
1019 1553 1086 1599 illi
1105 1552 1350 1612 exhibens,
1374 1551 1649 1599 linteamina
1671 1551 1886 1616 projicie-

472 1631 571 1691 bat,
599 1648 655 1679 ac
677 1647 863 1696 pannos
886 1631 967 1695 qui
990 1630 1050 1677 ad
1069 1647 1208 1677 usum
1228 1629 1494 1677 vestimenti
1512 1628 1657 1675 virilis
1679 1627 1888 1692 praebeu-

472 1719 570 1764 tur;
598 1707 816 1754 nonnulli
836 1708 956 1755 lanae
974 1707 1173 1767 vellera3
1198 1707 1390 1772 plurimi
1407 1706 1550 1753 etiam
1570 1705 1747 1752 formas
1763 1705 1887 1752 casei

474 1802 529 1833 ac
552 1802 692 1844 cerae,
721 1785 794 1832 vel
821 1786 975 1850 panis,
1003 1785 1307 1848 diversasque
1329 1785 1533 1849 species,
1561 1783 1887 1847 unusquisque

470 1865 603 1928 juxta
639 1864 759 1910 vires
792 1880 920 1923 suaS‚
958 1880 1063 1928 quae
1094 1863 1396 1910 dinumerare
1428 1862 1713 1927 perlongum
1746 1871 1881 1925 puto.

477 1940 740 1989 Veniebant
762 1951 920 1988 autem
944 1958 1053 1987 cum
1078 1940 1296 2004 plaustris
1325 1948 1494 2005 potum
1522 1938 1779 2001 cibumque
1808 1937 1887 1984 de-

476 2019 697 2078 ferentes,
722 2027 981 2064 mactantes
1006 2017 1250 2076 animalia,
1278 2026 1325 2063 et
1347 2033 1432 2081 per
1458 2015 1666 2062 triduum
1691 2014 1887 2079 epulan-

476 2105 561 2142 tes.
589 2098 769 2152 Quarta
787 2104 944 2141 autem
968 2094 1062 2151 die,
1089 2111 1199 2140 cum
1222 2093 1462 2140 discedere
1483 2091 1730 2151 deberent,
1758 2093 1884 2138 anti-

475 2171 664 2236 cipabat
698 2188 780 2218 eos
813 2172 1063 2236 tempestas
1094 2188 1204 2217 cum
1235 2170 1445 2217 tonitruo
1480 2180 1525 2217 et
1558 2170 1885 2216 coruscatione

476 2249 656 2309 valida3
687 2258 731 2295 et
755 2249 803 2294 in
827 2258 1012 2295 tantum
1035 2247 1189 2295 imber
1218 2248 1383 2311 ingens
1414 2264 1524 2294 cum
1552 2247 1763 2312 lapidum
1785 2248 1886 2294 vio-

475 2326 617 2373 lentia
640 2325 972 2384 descendebat,
1002 2336 1053 2372 ut
1078 2326 1154 2372 vix
1178 2341 1226 2371 se
1248 2325 1498 2389 quisquam
1516 2340 1684 2370 eorum
1701 2334 1886 2389 putaret

475 2402 691 2449 evadere.
720 2402 794 2448 Sic
819 2402 961 2449 fiebat
994 2419 1078 2467 per
1108 2402 1316 2465 singulos
1338 2419 1506 2460 annos,
1539 2413 1585 2449 et
1610 2402 1884 2450 involveba-

475 2488 550 2525 tur
570 2479 795 2544 insipiens
817 2480 1023 2545 populus
1046 2481 1094 2526 in
1119 2496 1295 2526 errore.
1327 2483 1435 2527 Post
1460 2480 1607 2527 multa
1632 2496 1744 2527 vero
1768 2490 1885 2527 tem-

526 2659 582 2707 (1)
608 2657 716 2699 Colb.
738 2660 778 2707 2,
798 2661 984 2698 Hilarius.
1011 2658 1111 2696 Clar.
1135 2671 1180 2705 a,
1210 2661 1381 2697 Elarum.
1413 2659 1530 2706 Bad.‚
1558 2662 1738 2697 Helorum
1759 2675 1771 2700 .-
1796 2672 1881 2710 quae

476 2734 553 2759 vox
570 2721 610 2759 in
629 2720 748 2759 Laud.
773 2721 911 2760 detrita
931 2730 1001 2761 est.
1021 2724 1165 2771 (R.)—
1184 2724 1303 2772 2791,
1321 2725 1524 2772 Hylarius.
