2028 3458
461 234 538 272 ³66
823 232 889 270 DE
917 231 1106 270 GLORIA
1131 232 1503 272 CONFESSORUM.

1024 401 1181 437 CAPUT
1206 402 1294 439 XII.

853 520 904 554 De
922 520 1135 555 monasterio
1150 521 1224 568 ejus
1238 521 1275 555 in
1293 522 1474 570 Hispania.

523 642 575 685 In
609 638 879 704 Hispaniis¹
918 650 1077 687 autem
1102 657 1257 705 nuper
1287 639 1466 687 factum
1494 641 1715 703 cognovi.
1756 644 1877 689 Cum

456 715 740 764 Leuvieldus
765 734 845 763 rex
871 726 1039 765 contra
1067 717 1219 765 fllium
1247 735 1389 764 suum
1415 717 1710 778 ambularet,
1734 729 1878 784 atque

453 794 684 841 exercitus
709 793 834 857 ejus,
867 803 921 840 ut
942 794 1131 854 assolet,
1162 796 1364 859 graviter
1386 795 1490 842 loca
1515 805 1678 842 sancta
1700 812 1877 843 concu-

455 880 588 929 teret,
607 872 948 918 monasterium
961 882 1059 919 erat
1075 874 1220 920 sancti
1242 874 1429 920 Martini
1441 874 1564 920 inter
1580 874 1878 936 Sagunthum

454 959 596 1014 atque
612 947 946 1014 Carthaginem
964 952 1271 1015 Spartariam.
1299 950 1553 998 Audientes
1582 961 1741 998 autem
1773 967 1876 997 mo-

454 1028 612 1088 nachi,
633 1028 765 1092 quod
781 1029 860 1076 hic
878 1029 1108 1076 exercitus
1123 1029 1184 1077 ad
1200 1030 1362 1077 locum
1381 1029 1515 1077 illum
1535 1028 1730 1075 deberet
1750 1044 1880 1075 acce-

454 1106 585 1165 dere,
610 1106 768 1170 fugam
784 1107 970 1162 ineunt,
991 1117 1037 1154 et
1054 1124 1121 1168 se,
1148 1106 1312 1154 relicto
1333 1106 1504 1154 abbate
1528 1123 1658 1164 sene,
1683 1106 1729 1153 in
1750 1106 1879 1152 insu-

453 1183 549 1230 lam
577 1185 718 1231 maris
752 1184 1073 1231 abscondunt.
1109 1184 1482 1232 Advenientibus
1516 1195 1675 1231 autem
1709 1183 1879 1230 Gothis

428 1275 509 1307 ·ac
548 1260 887 1325 diripientibus
924 1278 998 1308 res
1039 1262 1313 1308 monasterii
1334 1297 1345 1321 ,
1385 1277 1490 1325 quae
1537 1262 1638 1307 sine
1679 1260 1879 1307 custode

452 1348 794 1397 remanserant,
823 1338 1048 1386 abbatem
1074 1340 1208 1386 senio
1232 1340 1559 1399 incurvatum,
1587 1339 1671 1386 sed
1706 1339 1879 1386 sancti-

453 1424 548 1462 tate
590 1426 800 1463 erectum
842 1417 1110 1464 offendunt.
1159 1420 1475 1482 Extraetoque
1515 1434 1638 1464 unus
1683 1417 1841 1480 gladio
1862 1454 1874 1477 ,

452 1493 588 1556 quasi
622 1503 952 1559 amputaturus
987 1495 1222 1542 cervicem
1251 1495 1369 1558 ejus,
1400 1495 1651 1559 resupinus
1675 1495 1796 1553 ruit,
1825 1510 1879 1540 ac

452 1572 671 1637 spiritum
704 1572 955 1620 exhalavit.
988 1573 1171 1638 Reliqui
1199 1590 1314 1620 vero
1339 1573 1439 1620 haec
1470 1572 1685 1619 videntes
1708 1574 1878 1618 timore

452 1651 685 1714 perterriti
709 1650 948 1714 fugerunt.
975 1651 1120 1709 Quod
1145 1668 1255 1699 cum
1280 1652 1378 1716 regi
1401 1651 1672 1698 nuntiatum
1698 1650 1874 1711 fuisset,

451 1742 563 1773 cum
585 1727 917 1775 testificatione
940 1729 1165 1794 praecepit
1187 1729 1351 1776 omnia
1382 1745 1487 1794 quae
1515 1728 1671 1777 ablata
1694 1728 1879 1775 fuerant

453 1805 743 1853 monasterio
769 1807 1037 1854 restaurari.

1023 1981 1181 2016 CAPUT
1205 1982 1311 2016 XIII.

571 2092 622 2126 De
639 2092 805 2127 haeretico
827 2094 888 2139 qui
905 2093 1088 2129 hominem
1105 2094 1317 2129 inluminare
1334 2093 1459 2138 voluit,
1476 2092 1537 2128 sed
1556 2093 1755 2129 excaecavit.

518 2206 728 2252 Cernens
745 2216 905 2254 autem
927 2208 1143 2273 praefatus
1166 2226 1248 2256 rex
1267 2219 1398 2257 tanta
1426 2210 1652 2258 miracula
1673 2227 1759 2275 per
1783 2226 1877 2257 ser-

452 2297 538 2328 vos
561 2283 647 2328 Dei
673 2284 755 2346 qui
778 2294 950 2332 nostrae
969 2286 1210 2349 religionis
1227 2297 1362 2334 erant
1381 2287 1497 2347 fieri,
1516 2289 1704 2335 vocavit
1723 2305 1875 2335 unum

451 2360 789 2425 episcoporum
830 2380 1056 2421 suorum,
1102 2365 1315 2430 dixitque
1354 2368 1581 2414 secretius
1616 2367 1676 2414 ad
1716 2384 1825 2414 eum
1859 2385 1869 2413 τ

455 2457 477 2479 «
501 2438 828 2497 Quamobrem
851 2458 964 2500 vos,
995 2452 1045 2489 ut
1068 2443 1142 2489 isti
1180 2444 1262 2507 qui
1288 2460 1337 2491 se
1362 2444 1646 2492 christianos
1676 2445 1842 2492 dicunt
1858 2482 1869 2503 ,

451 2530 550 2561 non
576 2517 826 2564 ostenditis
850 2519 983 2582 signa
1006 2521 1054 2566 in
1078 2521 1285 2585 populos
1309 2522 1572 2569 secuudum
1598 2523 1742 2570 fidem
1766 2540 1873 2570 ves-

450 2601 573 2639 tram
590 2592 610 2638 ?
629 2614 651 2637 »
676 2594 799 2641 Dicit
821 2597 865 2642 ei
886 2597 1139 2662 episcopus
1163 2615 1173 2644 :
1207 2619 1228 2642 «
1247 2601 1424 2663 Saepius
1448 2617 1536 2663 ego
1556 2601 1688 2648 caecis
1709 2600 1868 2647 lumen

503 2750 558 2796 (1)
585 2752 767 2798 IspanIis,
788 2751 907 2788 2791.
