2028 3458
451 269 501 305 58
678 238 749 303 DFJ
773 263 1068 301 VIRTUTIBUS
1096 261 1269 299 SANCTI
1299 259 1526 297 MARTINI.
1546 278 1594 285 --
1622 249 1678 294 Is

454 356 669 403 restituit.
720 354 816 411 Qui
852 367 1001 413 usque
1030 348 1178 395 hodie
1215 347 1276 394 ad
1320 346 1645 394 testimonium
1690 345 1875 392 virtutis

454 434 579 480 beati
599 433 687 479 viri
712 432 845 477 vivus
869 428 1073 475 habetur
1096 427 1146 472 in
1169 424 1359 472 saeculo.

1001 593 1157 628 CAPUT
1181 592 1214 626 X
1219 593 1303 627 XII.

938 701 991 735 De
1006 700 1079 735 Leo
1084 712 1178 735 mere
1198 707 1397 734 contracto.

518 810 647 869 Quid
674 809 818 856 etiam
856 808 905 854 in
935 806 1229 855 Condatensi
1257 805 1451 853 dioecesi
1485 815 1644 853 actum
1672 806 1749 864 sit,
1778 821 1877 851 non

455 886 724 955 praeteribo.
747 890 902 933 Locus
922 895 1080 932 autem
1099 885 1177 932 ille
1202 883 1379 931 crebris
1401 883 1655 931 virtutibus
1680 883 1881 930 illustra-

452 977 546 1014 tur.
577 965 647 1012 Ab
672 964 767 1011 hoc
802 964 931 1011 enim
965 963 1037 1010 vir
1064 962 1253 1021 beatus,
1287 962 1471 1010 sarcina
1499 961 1654 1008 carnis
1676 959 1878 1023 abjecta,

454 1043 672 1107 migravit
701 1042 763 1090 ad
799 1041 1080 1090 Dominum.
1120 1040 1384 1088 Leomeris²
1413 1055 1528 1102 ergo
1566 1038 1766 1103 quidam
1795 1055 1882 1084 no-

454 1122 600 1181 mine,
643 1137 807 1168 servus
845 1119 1097 1183 cujusdam
1133 1119 1346 1165 hominis
1379 1117 1671 1164 Andecavini
1706 1133 1732 1163 a
1772 1132 1882 1162 san-

455 1200 621 1264 guine²
654 1214 932 1264 perCUSSUS,
967 1207 1213 1244 contracta
1239 1213 1411 1254 manu,
1452 1195 1690 1259 ligataque
1719 1195 1882 1259 lingua

454 1277 635 1341 rigebat
653 1297 666 1339 ;
691 1277 941 1340 multoque
961 1285 1179 1341 tempore
1203 1275 1253 1322 in
1270 1275 1362 1321 hac
1379 1273 1622 1321 debilitate
1640 1273 1880 1333 detentus,

454 1372 609 1419 neque
640 1354 755 1415 sibi,
784 1371 942 1418 neque
975 1354 1178 1401 domino
1210 1352 1390 1417 aliquid
1426 1352 1587 1417 operis
1612 1351 1879 1399 exercebat.

455 1435 542 1481 Hic
566 1433 660 1480 fide
680 1433 1022 1492 commonitus,
1051 1449 1163 1479 cum
1186 1431 1247 1478 ad
1270 1430 1397 1478 beati
1426 1429 1675 1478 basilicam
1698 1429 1885 1493 vigilas-

455 1523 548 1572 set,
585 1512 766 1559 directa
816 1528 986 1571 manu,
1025 1508 1384 1574 deliberataque
1415 1508 1477 1556 ab
1513 1509 1648 1556 omni
1685 1508 1886 1573 impedi-

455 1600 618 1637 mento
649 1590 828 1654 lingua,
851 1589 980 1637 beati
1000 1588 1192 1636 Martini
1215 1587 1501 1634 miraculum
1527 1586 1719 1651 populis
1743 1595 1885 1632 testa-

455 1668 614 1728 batur,
647 1669 839 1715 dicens:
870 1688 892 1712 <t
928 1671 1047 1715 Ecce
1077 1668 1195 1733 quid
1223 1668 1271 1714 in
1300 1667 1392 1713 hac
1416 1675 1559 1713 nocte
1585 1675 1775 1712 sanctus
1798 1666 1885 1712 Dei

458 1757 684 1812 operatus
704 1757 789 1804 est,
816 1763 893 1793 me
918 1756 1053 1806 teste,
1082 1745 1301 1811 probate.
1335 1765 1358 1788 >›
1384 1747 1619 1791 Reversus
1641 1753 1802 1790 autem
1826 1743 1886 1790 ad

459 1824 715 1872 dominum
745 1842 885 1871 suum
914 1824 1128 1871 narravit
1149 1824 1193 1870 ei
1218 1823 1383 1870 omnia
1408 1838 1513 1888 quae
1541 1832 1647 1870 acta
1679 1821 1880 1869 fuerant.

460 1902 552 1949 Sed
588 1901 667 1949 ille
690 1902 887 1950 minime
914 1902 1142 1950 virtutem
1172 1900 1368 1966 gloriosi
1397 1899 1636 1966 pontificis
1664 1899 1883 1960 credens,

460 1980 521 2026 ad
551 1980 745 2027 solitum
784 1998 895 2028 eum
928 1980 1123 2046 adaptat
1146 1979 1409 2026 servitium.
1437 1979 1533 2037 Qui
1557 1995 1669 2025 cum
1698 1979 1886 2044 operari

461 2057 697 2121 coepisset,
727 2075 915 2105 sursum
938 2058 986 2105 in
1014 2056 1307 2105 debilitatem
1341 2055 1586 2120 redigitur.
1615 2055 1888 2118 Intelligens

462 2144 622 2182 autem
655 2135 881 2183 dominus
908 2136 1009 2200 ejus
1032 2135 1119 2182 Dei
1151 2134 1245 2181 hoc
1268 2150 1368 2181 esse
1394 2133 1699 2198 mysterium,
1735 2143 1886 2180 trans-

462 2213 589 2261 misit
613 2230 725 2260 eum
750 2214 924 2261 iterum
955 2214 1014 2261 ad
1040 2214 1202 2261 locum
1231 2221 1471 2271 sanctum,
1500 2211 1562 2258 ad
1586 2227 1729 2274 quem
1756 2212 1888 2276 prius

464 2290 675 2351 abierat,
703 2292 750 2338 in
782 2310 881 2357 quo
912 2292 990 2339 ille
1017 2309 1127 2340 cum
1163 2291 1372 2340 maxima
1395 2289 1654 2337 devotione
1686 2306 1889 2354 pernoc-

464 2378 597 2428 tans,
630 2369 743 2416 dato
772 2370 872 2430 die,
905 2371 1093 2417 sanitati
1120 2385 1265 2434 quam
1287 2369 1420 2434 prius
1443 2378 1681 2415 meruerat
1709 2367 1888 2415 instau-

464 2456 610 2493 ratur.

1104 2572 1514 2580 ——-—-.-.--—-—-—-

518 2649 572 2695 (1)
594 2650 829 2694 Leomerius,
853 2650 970 2686 5336.
1041 2682 1049 2688 .

519 2714 574 2760 (2)
597 2712 660 2762 Sic
679 2725 770 2751 mss.
796 2726 943 2751 omneS.
967 2713 1063 2752 Editi
1085 2722 1229 2762 tamen,
1249 2712 1298 2750 ab
1316 2724 1452 2762 angue.
1474 2710 1891 2762 (R.)-Ande·gavensg's

470 2778 519 2816 ab
536 2792 670 2830 angue,
692 2792 780 2831 sup.
802 2781 893 2818 ⁹243.
