2028 3458
534 336 610 374 ¹46
740 306 808 374 im
835 334 1129 373 VIR-fumus
1157 335 1328 374 SANcn
1360 336 1584 374 MARTm.
1608 356 1658 364 -
1680 336 1731 374 11.

529 423 786 484 auxilium,
823 424 977 471 visum
1012 432 1081 470 est
1116 424 1159 470 ei
1200 423 1407 488 quadam
1436 434 1580 472 nocte
1605 425 1791 471 venisse
1815 423 1875 471 ad
1897 441 1946 472 se

526 517 715 561 senem,
744 502 828 565 qui
859 500 990 547 molli
1020 509 1146 547 tactu
1181 501 1397 549 membra
1433 502 1535 565 ejus
1573 511 1745 549 cuncta
1776 510 1946 549 attrec-

522 587 658 626 taret.
699 578 1034 643 Expergefacta
1052 594 1193 625 mane
1218 580 1357 626 sentit
1386 580 1531 644 pedes
1550 596 1661 627 cum
1683 596 1775 626 una
1801 596 1945 627 manu

521 655 733 724 redditos
755 656 970 717 sanitati,
1003 665 1051 703 et
1083 665 1278 720 stupens
1299 656 1548 719 ignorabat
1572 657 1653 721 qui
1685 673 1821 703 casus
1844 655 1944 703 haec

519 735 697 783 fecerit.
725 736 824 783 Alia
857 753 970 783 vero
994 736 1073 783 die
1094 736 1339 783 admonita
1364 753 1450 801 pcr
1469 754 1712 802 soporem,
1738 736 1799 784 ad
1826 736 1942 784 bea-

515 823 613 862 tam
628 813 871 863 basilicam
885 814 1004 861 nihil
1027 813 1273 862 retardans
1296 813 1630 879 proficiscitur.
1653 818 1755 862 Nox
1781 825 1940 862 autem

513 890 593 939 illa
612 901 712 938 erat
742 891 900 955 vigilia
928 891 988 939 de
1019 891 1216 939 transitu
1242 890 1548 938 confessoris.
1583 891 1749 939 Mediae
1781 902 1940 940 autem

510 969 665 1015 noctis
694 978 911 1034 tempore
941 969 1042 1032 jam
1083 978 1356 1030 transacto,
1402 968 1603 1033 vigilans
1641 970 1805 1016 nescio
1841 987 1938 1035 quo

509 1053 691 1093 terrore
727 1047 1029 1106 concutitur,
1066 1056 1114 1094 et
1145 1045 1304 1093 subito
1346 1062 1519 1093 manus
1556 1045 1657 1109 ejus
1694 1056 1937 1095 contracta

506 1122 741 1186 dirigitur.
779 1126 1010 1189 Stupente
1046 1134 1206 1172 autem
1230 1123 1436 1189 populo,
1479 1134 1650 1171 cuncta
1680 1141 1784 1189 quae
1807 1126 1938 1189 prius

503 1200 763 1265 pertulerat
780 1202 1032 1250 enarrabat
1053 1220 1063 1248 :
1083 1219 1379 1265 cognosceus
1396 1202 1544 1268 ipsius
1561 1202 1782 1250 eamdem
1799 1199 1936 1251 fuisse

504 1278 730 1326 virtutem
760 1280 892 1344 prius
924 1280 972 1326 in
1004 1279 1084 1327 illa
1107 1282 1348 1327 erectione
1378 1279 1576 1345 pedum,
1603 1297 1708 1344 quae
1730 1298 1861 1328 nunc
1886 1283 1933 1328 in

503 1369 675 1400 manus
693 1370 789 1402 suae
814 1353 1080 1402 directione
1106 1354 1332 1402 clarebat.

1048 1489 1204 1524 CAPUT
1230 1487 1389 1525 xxxn.

835 1581 888 1615 De
904 1581 984 1614 oleo
1001 1579 1048 1615 ad
1066 1581 1270 1628 sepulcrum
1290 1578 1402 1615 sancti
1420 1589 1609 1614 crescente.

569 1672 690 1717 Cum
713 1671 823 1718 talia
851 1672 1099 1729 miracula,
1131 1688 1239 1737 quae
1265 1671 1564 1736 scripsimus,
1593 1670 1810 1734 quotidie
1830 1687 1929 1718 cer·

502 1760 672 1793 namus
690 1783 702 1807 ,
740 1747 855 1810 quid
883 1747 951 1795 illi
978 1749 1137 1796 miseri
1166 1758 1278 1796 sunt
1301 1748 1474 1795 dicturi
1509 1747 1591 1812 qui
1620 1749 1847 1794 Severum
1878 1749 1927 1795 in

502 1823 610 1871 Vita
631 1826 782 1873 sancti
804 1826 1022 1874 antistitis
1047 1829 1301 1875 mentitum
1318 1844 1418 1875 esse
1432 1826 1782 1893 pronuntiant?
1807 1830 1925 1875 Nam

501 1900 662 1948 audivi
680 1903 958 1967 quemdam,
981 1922 1208 1970 nequam,
1230 1915 1281 1952 ut
1294 1904 1459 1964 cred0,
1479 1904 1714 1970 repletum
1735 1905 1919 1970 spiritu,

500 1977 877 2043 proloquentem·
892 1998 991 2028 non
1014 1983 1225 2047 potuisse
1244 1981 1347 2029 fieri
1371 1992 1423 2029 ut
1449 1982 1607 2028 oleum
1628 1981 1718 2028 sub
1737 1982 1923 2029 Martini

500 2053 836 2103 benedictione
859 2059 1106 2120 crevisset3
1133 2059 1218 2106 sed
1232 2076 1322 2106 nec
1344 2060 1457 2117 hoe,
1481 2058 1617 2122 quod
1638 2058 1798 2122 elapsa
1820 2076 1920 2106 am-

499 2131 630 2195 pulla
659 2150 802 2198 super
835 2145 1035 2182 stratum
1069 2137 1321 2184 marmoris
1355 2153 1609 2195 corruens,
1645 2137 1918 2200 perstitisset

498 2207 673 2257 inlaesa.
698 2211 844 2270 Quod
877 2229 988 2275 ergo
1020 2230 1175 2279 nuper
1196 2223 1357 2262 actum
1391 2224 1477 2273 est,
1516 2214 1690 2261 multos
1715 2215 1762 2260 in
1789 2216 1919 2261 testi-

498 2288 717 2335 monium
742 2290 987 2352 exhibens,
1017 2291 1290 2340 declarabo.
1323 2292 1531 2349 Quidam
1555 2292 1615 2338 de
1634 2292 1918 2341 diaconibus

496 2365 668 2411 nostris
687 2367 810 2414 male
842 2384 870 2415 a
894 2369 1111 2432 quartani
1138 2370 1236 2434 typi
1262 2368 1392 2416 febre
1419 2368 1740 2428 cruciabatur,
1770 2386 1915 2434 quem

495 2456 606 2488 cum
638 2443 920 2509 plerumque
954 2462 1221 2509 arguerem,
1251 2464 1337 2494 cur
1375 2447 1530 2511 segnis
1569 2446 1628 2494 ad
1668 2446 1913 2496 basilicam

492 2520 642 2566 sancti
667 2536 765 2567 non
798 2521 1195 2586 proficisceretur,
1221 2541 1309 2571 nec
1332 2541 1388 2571 ex
1422 2524 1568 2571 corde
1591 2534 1764 2585 oraret,
1792 2535 1844 2572 ut
1869 2525 1913 2573 ei

493 2594 640 2643 virtus
658 2597 896 2661 pontificis
913 2599 1207 2659 subveniret3
1234 2600 1428 2648 tandem
1447 2618 1474 2648 a
1493 2601 1633 2649 nobis
1652 2601 1912 2666 compuncss

488 2680 582 2732 ωε,
608 2672 670 2721 ad
692 2672 885 2722 beatum
901 2676 1136 2723 tumulum
1160 2677 1460 2742 provolvitur
1476 2689 1700 2726 tremens.
1724 2679 1908 2727 Dehinc

487 2765 601 2798 cum
642 2751 883 2818 paulisper
926 2754 1045 2817 ignis
1080 2754 1283 2802 sebi-ium
1318 2755 1599 2820 quievisset,
1646 2766 1781 2821 rogat
1817 2757 1906 2804 sibi

485 2826 698 2875 exhiberi
737 2829 997 2893 ampullam
1032 2847 1142 2878 cum
1181 2847 1382 2879 rosaceo
1421 2833 1530 2880 oleo
1570 2833 1899 2899 semiplenam.
