2028 3458
427 350 477 385 98
643 348 710 383 DE
739 344 1027 382 VIRTUTIBUS
1053 343 1227 381 SANCTI
1254 342 1478 381 MARTINI.
1497 363 1550 372 —
1569 344 1620 382 11.

427 439 481 482 At
515 450 603 499 ego
632 434 682 480 in
720 433 892 480 virtute
925 429 1053 477 beati
1066 406 1304 477 'antistitis
1330 429 1566 491 confisus,
1599 446 1754 476 unum
1783 446 1840 476 ex

426 514 624 562 cereolis
652 511 920 559 transmitto
943 525 1030 573 per
1053 525 1276 574 puerum,
1307 508 1471 557 dicens
1498 527 1509 555 :
1540 527 1564 553 «
1587 507 1842 554 Accendite

426 591 559 638 illum
584 606 746 636 coram
774 604 849 647 eo,
875 595 921 634 et
939 586 987 632 in
1013 586 1419 651 contemplatione
1442 586 1636 634 luminis
1659 585 1839 646 oratio-

422 685 534 716 nem
561 667 726 714 fundat
747 665 808 712 ad
834 664 1114 724 Dominum,
1145 673 1192 711 et
1213 662 1498 729 deprecetur
1526 663 1837 728 omnipoten-

421 746 534 792 tiam
563 744 801 803 antistitis,
824 752 877 790 ut
903 742 948 790 ei
977 750 1240 789 succurrat.
1275 761 1299 784 2>
1328 742 1496 789 Missus
1524 750 1683 788 autem
1718 757 1838 805 puer

418 822 550 887 quod
582 821 809 869 dederam
842 820 1127 885 deportavit.
1154 822 1263 877 Quo
1296 835 1499 866 accenso
1526 829 1637 866 ante
1660 818 1835 866 lectum

416 899 595 961 aegroti,
622 898 828 945 favillam
854 897 1012 962 scirpi,
1032 913 1176 961 quem
1191 896 1289 960 jam
1314 895 1435 959 ignis
1454 906 1835 960 consumpserat,

416 972 570 1019 cultro
605 971 831 1031 eradunt,
874 970 1176 1034 dilutumque
1214 986 1340 1034 aqua
1376 979 1557 1033 aegroto
1585 970 1837 1034 porrigunt

415 1048 476 1095 ad
505 1048 788 1097 bibendum.
833 1051 888 1095 At
921 1048 1000 1095 ille
1029 1058 1085 1095 ut
1119 1048 1295 1107 hausit,
1329 1047 1580 1095 sanitatem
1616 1048 1835 1113 protinus

412 1128 608 1193 recepit,
634 1127 986 1192 incolumisque
1009 1126 1223 1175 redditus
1247 1137 1335 1174 est.
1365 1125 1514 1174 Nobis
1532 1135 1698 1191 postea
1720 1142 1836 1191 qua-

411 1204 518 1253 liter
532 1205 623 1253 sibi
637 1206 787 1253 virtus
801 1205 929 1253 beati
954 1205 1175 1253 antistitis
1192 1204 1433 1267 subvenit,
1456 1204 1692 1269 exposuit.
1713 1206 1833 1251 Nam

410 1284 583 1332 referre
599 1295 699 1333 erat
714 1285 896 1345 solitu3‚
919 1283 1053 1350 quod
1068 1283 1153 1331 ubi
1169 1284 1381 1349 primum
1402 1282 1552 1330 oculis
1572 1282 1673 1346 ejus
1687 1282 1832 1346 jubar

410 1361 603 1410 luminis
623 1380 929 1429 progressum
951 1379 980 1411 a
1009 1379 1151 1410 cereo
1183 1362 1366 1428 pepulit
1392 1360 1616 1409 tenebras
1645 1361 1825 1422 noctis,

338 1467 353 1483 .
412 1441 628 1504 protinus
653 1442 702 1488 in
737 1441 1147 1508 contemplatione
1181 1441 1385 1488 flammae
1422 1439 1565 1487 febris
1591 1440 1779 1487 recessit
1802 1456 1830 1486 a

407 1534 628 1583 corpore,
650 1536 703 1567 ac
720 1520 996 1567 stomachus
1012 1520 1097 1585 qui
1113 1519 1196 1566 diu
1206 1519 1456 1582 languerat
1471 1518 1646 1580 inedia,
1664 1517 1828 1566 cibum

406 1596 749 1645 consolationis
772 1598 1020 1662 efflagitat,
1046 1608 1094 1647 et
1117 1599 1202 1663 qui
1226 1582 1412 1646 tantum
1448 1613 1624 1662 aquam
1655 1614 1826 1663 puram

404 1673 465 1720 ad
481 1675 871 1739 restinguendum
889 1676 1030 1724 febris
1047 1676 1270 1724 ardorem
1283 1675 1474 1722 haurire
1491 1685 1822 1735 consueverat,

403 1767 533 1799 nunc
554 1754 720 1800 vinum
743 1753 999 1802 desiderat.
1018 1755 1147 1803 Facit
1165 1753 1266 1801 haec
1284 1754 1434 1801 virtus
1457 1753 1697 1814 antistitis,
1721 1769 1826 1816 quae

402 1844 524 1893 saepe
552 1830 735 1877 miseris
757 1847 901 1896 opem
925 1831 1116 1896 proflua
1139 1831 1444 1879 miseratione
1468 1829 1657 1892 tribuit,
1681 1840 1728 1878 et
1749 1830 1823 1876 in-

402 1905 549 1953 firmis
572 1908 922 1957 medicamenta
945 1909 1159 1974 largitur.

991 2034 1149 2069 CAPUT
1165 2035 1235 2069 111.

883 2132 935 2166 De
949 2131 1121 2167 Mauruza
1132 2131 1340 2179 chiragrica.

470 2227 646 2274 Vereor
676 2244 737 2274 ne
764 2227 966 2275 nimium
1001 2228 1225 2293 progredi
1258 2243 1576 2294 praesumenS‚
1605 2226 1823 2275 obsoleat

401 2304 622 2368 paginam
640 2321 797 2352 sermo
813 2306 1050 2353 rusticior.
1070 2309 1341 2353 Maurusam
1356 2308 1367 2329 ¹
1391 2305 1652 2370 quamdam
1676 2306 1823 2369 gravi-

399 2390 471 2427 ter
491 2380 741 2444 chiragrici
769 2382 985 2430 humoris
1011 2383 1152 2430 dolor
1182 2382 1399 2430 affecerat
1419 2420 1431 2442 ,
1460 2383 1525 2430 ita
1551 2393 1601 2430 ut
1631 2384 1821 2430 retortis

399 2457 461 2504 ad
483 2474 620 2506 crura
653 2459 874 2524 pedibus,
898 2461 1166 2509 nullatenus
1200 2478 1250 2509 se
1277 2462 1456 2525 erigere
1492 2471 1669 2527 posset.
1710 2465 1821 2509 Erat

400 2535 530 2583 enim
549 2547 596 2584 et
616 2538 867 2586 oculorum
889 2540 997 2587 luce
1023 2539 1278 2601 mulctata;
1305 2557 1409 2605 quae
1433 2540 1579 2604 longo
1604 2551 1819 2606 tempore

398 2614 600 2677 graviter
623 2630 786 2679 agens,
811 2626 1039 2682 tanquam
1059 2628 1250 2666 mortua
1274 2618 1534 2684 putabatur
1554 2628 1813 2684 superstes,

397 2706 486 2737 nec
507 2700 607 2738 erat
624 2692 668 2739 ei
687 2710 794 2758 spes
813 2693 1065 2757 alimoniae,
1091 2696 1181 2742 nisi
1200 2695 1369 2760 aliquis
1394 2696 1437 2743 ei
1458 2712 1654 2743 manum
1675 2697 1812 2742 mis'e·

448 2850 501 2897 (4)
524 2851 739 2900 Maurisab,
760 2851 800 2890 Cl
808 2855 887 2891 .-F.
