2028 3458
451 312 528 351 252
648 313 713 349 DE
740 309 1031 347 VIRTUTIBUS
1060 308 1230 347 SANCTI
1258 308 1481 346 MARTINI.
1505 328 1560 337 -
1580 310 1649 346 ΙΙΙ.

991 493 1146 528 CAPUT
1170 493 1320 527 XLVII.

848 590 900 623 De
919 601 962 623 eo
979 589 1040 635 qui
1056 601 1123 636 pro
1136 588 1256 623 debito
1272 589 1465 623 tenebatur.

518 685 655 731 Hisce
677 684 847 731 diebus
867 702 978 732 cum
999 684 1195 748 quidam
1223 700 1312 748 pro
1343 683 1648 730 dissolvendo
1672 682 1857 743 debito,

453 760 583 824 quod
608 762 656 807 in
689 761 1043 808 necessitatibus
1072 761 1168 807 suis
1195 770 1516 817 contraxerat,
1543 760 1864 824 interpellare-

454 848 547 897 tur,
571 855 658 885 nec
682 849 803 886 esset
825 840 974 886 virtus
996 849 1137 902 atque
1153 838 1349 886 facultas
1365 837 1426 884 ad
1442 837 1743 884 reddendum
1761 853 1864 900 quae

454 925 767 974 mutuaverat,
794 916 842 962 in
864 932 1051 963 carcere
1082 924 1366 962 coarctatur.
1403 914 1620 978 Denique
1656 930 1767 960 cum
1796 914 1866 959 vi-

455 992 588 1039 deret
615 993 823 1040 creditor
854 994 986 1058 quod
1009 994 1053 1040 ei
1076 993 1193 1039 nihil
1230 1001 1513 1056 extorquere
1543 1001 1702 1056 posset
1717 1026 1731 1048 ,
1757 991 1867 1056 quia

453 1070 571 1116 nihil
599 1070 809 1118 habebat
847 1088 937 1118 nec
970 1081 1090 1118 esset
1122 1071 1206 1134 qui
1238 1071 1280 1116 ei
1313 1086 1510 1116 manum
1533 1069 1867 1116 misericordiae

454 1149 741 1211 porrigeret,
772 1149 945 1195 arctius
967 1165 1078 1194 eum
1101 1148 1149 1194 in
1177 1148 1366 1194 vincula
1388 1147 1671 1210 constringit
1688 1183 1700 1205 ,
1727 1162 1868 1210 nega-

455 1232 600 1287 toque
623 1224 731 1271 cibo
754 1241 809 1271 ac
838 1235 956 1290 potu
988 1224 1175 1272 dicebat
1206 1243 1216 1270 :
1250 1243 1272 1268 «
1296 1227 1393 1286 Ego
1419 1234 1464 1270 te
1489 1223 1657 1270 faciam
1682 1223 1743 1269 ad
1766 1239 1868 1269 om-

455 1301 590 1347 nium
635 1302 980 1349 documentum
1023 1302 1144 1349 fame
1191 1301 1459 1362 tabescere,
1506 1301 1664 1348 donec
1708 1301 1870 1347 omnia

455 1378 643 1425 reddas.
676 1400 697 1422 »
727 1382 835 1427 Haec
857 1390 1016 1427 autem
1036 1396 1147 1426 cum
1176 1389 1455 1443 agerentur,
1484 1379 1633 1425 sancti
1655 1378 1871 1425 antistitis

454 1454 689 1519 reliquiae,
725 1473 829 1520 quae
861 1457 909 1503 in
943 1447 1293 1503 Suessionicum
1316 1458 1327 1480 ¹
1358 1472 1535 1520 pagum
1574 1454 1866 1513 serebantur,

455 1547 542 1596 per
562 1534 767 1597 plateam
793 1533 1111 1598 praeteribant.
1139 1533 1320 1580 Auditis
1351 1533 1511 1596 itaque
1540 1532 1725 1579 vinctus
1747 1531 1873 1596 psal-

455 1609 657 1658 lentium
679 1611 901 1672 vocibus,
927 1613 1078 1660 oravit
1108 1621 1160 1658 ut
1182 1628 1292 1658 eum
1315 1611 1463 1657 virtus
1484 1610 1698 1657 antistitis
1722 1610 1872 1656 sancti

456 1688 666 1735 visitaret
688 1707 698 1734 ε
723 1690 976 1753 statimque
999 1688 1237 1736 dissolutis
1259 1687 1581 1752 ligaminibus,
1608 1687 1740 1734 nullo
1766 1687 1874 1732 reti-

457 1774 618 1825 nente,
644 1765 887 1813 basilicam
911 1775 1123 1813 sanctam
1152 1765 1430 1828 ingreditur.
1455 1764 1640 1811 Dehinc
1669 1781 1695 1811 a
1725 1764 1874 1812 devo-

458 1840 516 1887 tis
542 1841 835 1907 redemptuS,
862 1858 890 1889 a
912 1859 1039 1889 nexu
1062 1841 1210 1889 debiti
1230 1841 1476 1888 absolutus
1491 1851 1575 1888 est.

988 2007 1143 2042 CAPUT
1158 1995 1334 2041 'vam

971 2103 1023 2136 De
1041 2114 1130 2136 caeca
1148 2101 1354 2135 illuminata.

525 2198 721 2242 Factum
743 2205 812 2242 est
830 2196 973 2242 etiam
990 2196 1036 2241 in
1058 2211 1154 2242 una
1171 2194 1474 2241 festivitatum
1494 2202 1545 2240 ut
1562 2192 1731 2239 mulier
1749 2209 1870 2256 quae,

460 2271 647 2335 perdito
682 2273 888 2332 lumine,
921 2273 968 2318 in
1005 2274 1211 2319 caecitate
1250 2271 1469 2330 durabat,
1515 2271 1686 2318 auditis
1724 2271 1875 2318 sancti

460 2346 547 2392 viri
573 2347 829 2407 miraculis,
850 2347 992 2394 alacri
1016 2346 1271 2393 devotione
1293 2346 1537 2393 basilicam
1562 2346 1661 2408 ejus
1685 2356 1875 2411 expete-

459 2433 546 2470 ret.
571 2426 810 2472 Prostrata
829 2436 986 2472 autem
1004 2442 1146 2490 super
1160 2425 1341 2472 aridam
1363 2424 1566 2471 humum
1590 2434 1698 2472 ante
1719 2424 1876 2489 sepul—

460 2515 614 2561 crum,
649 2517 761 2547 mox
786 2511 836 2548 ut
864 2502 1130 2548 orationem
1157 2501 1302 2561 sudit,
1328 2503 1490 2549 lumen
1529 2503 1738 2567 recipere
1773 2518 1876 2548 me—

461 2586 573 2623 ruit.

519 2796 572 2840 (l)
590 2796 847 2840 Sessfrndcum,
870 2797 988 2843 2204,
1009 2797 1104 2834 3801
1124 2810 1133 2843 3
1154 2799 1422 2842 Suessonicum,
1438 2798 1525 2846 Sag.
