2028 3458
486 247 562 286 380
895 246 963 282 DE
990 245 1180 283 GLORIA
1206 245 1578 285 CONFESSORUM.

1056 385 1212 420 CAPUT
1238 385 1322 422 XX.

891 481 943 515 De
958 479 1184 515 dedicatione
1199 481 1346 516 oratorii
1363 482 1487 518 nostri.

547 578 616 622 De
644 577 854 624 oratorio
886 584 1047 623 autem
1072 586 1237 623 nostro
1255 613 1268 637 ,
1305 577 1354 624 in
1382 594 1479 641 quo
1511 578 1719 642 reliquiae
1751 578 1901 626 sancti

481 654 723 701 Saturnini
761 654 981 718 martyris
1018 670 1073 701 ac
1109 655 1300 702 Martini
1342 656 1559 702 antistitis
1598 672 1710 703 cum
1750 656 1902 703 Illidio

480 733 752 780 confessore
781 734 855 780 vel
879 733 1173 798 reliquorum
1204 743 1480 781 sanctorum
1502 733 1743 781 collocatae
1772 744 1900 794 sunt,

480 828 569 876 pro
589 811 898 858 instructione
922 810 1218 858 credentium
1245 827 1438 859 narrare
1466 811 1626 874 aliqua
1651 828 1750 858 non
1772 812 1903 876 pige-

480 888 567 949 bit,
594 888 795 952 qualiter
816 905 866 935 se
885 889 1034 935 virtus
1050 887 1177 936 beati
1205 889 1391 936 Martini
1421 889 1711 936 revelatione
1734 889 1907 936 revela·

486 966 566 1024 vit,
594 967 656 1013 ita
677 975 730 1012 ut
748 974 996 1030 appareret
1014 965 1171 1013 multis
1187 966 1360 1029 ignitus
1380 965 1550 1030 globus
1568 966 1644 1013 ille
1665 966 1902 1025 terribilis,

481 1044 564 1109 qui
597 1043 846 1106 quondam
883 1043 1116 1090 solemnia
1156 1043 1416 1092 celebranti
1450 1054 1704 1091 emerserat
1740 1045 1904 1109 paucis

482 1121 700 1182 visibilis,
732 1137 761 1168 a
785 1121 950 1186 capitis
983 1137 1091 1168 arce
1127 1137 1468 1187 prorumpens.
1510 1123 1742 1188 Concepit
1775 1124 1902 1170 enim

481 1200 744 1264 inspirante
767 1199 940 1246 divinae
962 1199 1150 1264 pietatis
1175 1200 1400 1246 instinctu
1426 1200 1641 1259 animus,
1668 1210 1721 1247 ut
1754 1201 1906 1247 cellu-

482 1277 576 1324 lam
617 1276 755 1324 valde
795 1277 1090 1341 elegantem,
1137 1293 1281 1341 quam
1317 1288 1507 1324 sanctus
1546 1278 1800 1325 Eufrouius
1844 1278 1904 1325 ad

486 1372 623 1402 usum
648 1355 966 1420 promptuarii
988 1354 1245 1414 habuerat,
1272 1354 1334 1401 ad
1356 1372 1479 1420 opus
1505 1356 1735 1402 orationis
1760 1355 1907 1402 fideli-

483 1442 554 1479 ter
576 1432 866 1480 dedicarem.
901 1434 1009 1489 Qua
1032 1431 1281 1496 diligenter
1302 1433 1594 1497 composita,
1625 1443 1671 1479 et
1694 1432 1827 1479 altari
1849 1450 1904 1480 ex

485 1527 620 1558 more
655 1511 845 1570 locato,
881 1510 942 1557 ad
979 1510 1235 1557 basilicam·
1262 1520 1475 1557 sanctam
1511 1510 1682 1573 vigiliis
1713 1519 1905 1557 noctem

485 1605 631 1636 unam
673 1588 926 1649 ducentes,
964 1604 1105 1634 mane
1135 1604 1250 1650 vero
1282 1588 1527 1635 venientes
1559 1587 1620 1633 ad
1660 1587 1902 1647 cellulam,

482 1666 629 1713 altare
654 1665 788 1730 quod
815 1681 1116 1713 erexeramus
1149 1664 1563 1712 sanctificavimus.
1599 1665 1906 1729 Regressique

482 1743 545 1792 ad
583 1743 845 1800 basilicam,
889 1752 1075 1791 sanctas
1110 1747 1212 1807 ejus
1253 1743 1475 1807 reliquias
1515 1759 1625 1790 cum
1664 1744 1906 1790 Saturnini

483 1821 749 1886 Julianique
783 1830 1071 1884 martyrum,
1105 1820 1181 1867 vel
1218 1821 1362 1868 etiam
1396 1820 1523 1868 beati
1559 1806 1697 1868 lllidii
1734 1821 1905 1868 exinde

485 1898 761 1945 solemniter
778 1897 1073 1944 radiantibus
1088 1898 1235 1944 cereis
1249 1897 1566 1961 crucibusque
1583 1898 1902 1945 admovimus.

485 1979 598 2023 Erat
619 1985 778 2023 autem
800 1974 1104 2022 sacerdotum
1130 1991 1186 2022 ac
1209 1975 1457 2023 levitarum
1480 1976 1526 2022 in
1554 1976 1673 2023 albis
1698 1975 1905 2022 vestibus

488 2071 586 2100 non
619 2054 845 2100 minimus
877 2052 1080 2112 chorus,
1113 2062 1160 2100 et
1197 2053 1373 2099 civium
1405 2053 1754 2100 honoratorum
1782 2053 1905 2099 ordo

485 2132 755 2197 praeclarus,
795 2131 880 2180 sed
921 2141 969 2178 et
1010 2130 1176 2196 populi
1218 2131 1455 2195 sequentis
1487 2130 1668 2178 ordinis
1706 2125 1906 2194 magnus

484 2220 765 2258 conventus.
808 2212 1027 2273 Cumque
1070 2219 1372 2257 sacrosancta
1410 2210 1613 2274 pignora
1652 2209 1805 2276 palliis
1850 2226 1905 2257 ac

485 2287 604 2335 nafis
627 2297 853 2335 exornata
890 2287 938 2334 in
975 2286 1213 2334 excelsum
1249 2286 1565 2349 deferremus,
1600 2286 1905 2352 perv-enimus

485 2363 548 2411 ad
568 2364 742 2412 ostium
758 2365 971 2412 oratorii.
993 2363 1374 2427 Ingredientibus
1391 2374 1549 2412 autem
1566 2364 1724 2420 nobis,
1745 2364 1904 2411 subito

487 2440 686 2506 replevit
720 2440 938 2488 cellulam
980 2440 1109 2487 illam
1149 2439 1303 2504 fulgor
1344 2440 1582 2501 terribilis,
1623 2442 1687 2488 ita
1723 2450 1773 2488 ut
1811 2457 1905 2505 prae

488 2520 659 2566 timore
682 2530 728 2566 et
750 2517 1005 2585 splendore
1027 2518 1177 2565 nimio
1202 2520 1457 2567 astantium
1482 2520 1610 2567 oculi
1631 2519 1904 2566 clauderen-

486 2606 580 2644 tur.
616 2595 917 2643 Discurrebat
943 2604 1102 2643 autem
1131 2613 1215 2660 per
1245 2607 1393 2644 totam
1429 2597 1648 2645 cellulam
1678 2608 1903 2661 tanquam

488 2674 657 2737 fulgur,
682 2691 779 2721 non
807 2690 1006 2739 parvum
1031 2673 1169 2720 nobis
1192 2675 1410 2737 ingerens
1432 2685 1611 2722 metum
1634 2694 1644 2721 :
1673 2691 1759 2721 nee
1783 2674 1907 2737 quis-

483 2770 628 2817 quam
658 2754 775 2800 scire
802 2761 984 2818 poterat
1008 2751 1122 2814 quid
1155 2751 1248 2799 hoc
1283 2763 1402 2801 esset
1420 2790 1432 2814 ,
1457 2763 1503 2801 et
1535 2770 1703 2801 omnes
1729 2769 1905 2817 pavore
