2028 3458
450 359 524 395 ¹52
678 357 743 393 1)ss
775 354 1062 392 VIRTUTIBUS
1089 352 1260 390 SANCTI
1288 353 1637 392 MART1N1.--11.

965 477 1124 512 CAPUT
1147 476 1322 514 XXXIV.

981 561 1033 595 De
1050 560 1180 595 clerico
1198 572 1304 597 caecO.

507 663 721 725 Denique
742 658 914 706 eodem
934 674 1082 718 anno,
1103 674 1213 705 cum
1233 657 1474 715 festivitaS‚
1496 673 1601 721 quae
1623 658 1672 703 in
1693 657 1854 703 aestivo

438 739 725 798 celebratur,
754 735 1080 783 desiderabilis
1113 735 1303 801 populis
1326 734 1619 792 advenisset,
1657 733 1855 780 clericus

437 816 655 881 quidam,
695 814 830 877 cujus
853 813 1049 860 oculum
1086 813 1239 860 nubes
1266 822 1385 859 tetra
1414 821 1687 859 contexerat
1716 828 1770 859 ac
1794 829 1855 858 ne

434 895 595 941 lumen
635 890 793 938 videre
818 900 978 955 posset
1003 890 1220 950 arcebat,
1246 889 1395 937 aedem
1425 889 1548 936 beati
1572 889 1855 936 confessoris

434 970 593 1018 adivit.
617 968 817 1031 Vigilata
841 984 951 1014 cum
974 967 1167 1032 reliquis
1192 977 1354 1026 nocte,
1377 966 1678 1014 illucescente
1700 966 1821 1013 coelo
1839 1002 1851 1023 ,

433 1047 549 1093 dum
582 1045 642 1092 de
666 1044 858 1092 basilica
882 1045 1132 1110 procedit,
1175 1045 1330 1091 visum
1369 1061 1512 1109 quem
1545 1044 1659 1090 olim
1697 1043 1855 1108 perdi-

433 1124 565 1171 derat
598 1123 810 1187 recipere
844 1123 1035 1170 meruit.
1064 1126 1117 1169 ln
1150 1122 1319 1169 eadem
1344 1138 1458 1169 vero
1489 1121 1737 1168 festivitate
1763 1130 1855 1167 tres

432 1202 740 1265 energumeni
774 1200 982 1248 multum
1016 1218 1066 1248 se
1088 1200 1390 1259 collidentes,
1422 1216 1476 1247 ac
1506 1199 1701 1246 beatum
1731 1200 1854 1245 anti·

431 1281 585 1327 stitem
621 1279 962 1339 declamantes,
989 1278 1188 1326 fatentes
1212 1278 1413 1325 crimina
1443 1287 1490 1323 et
1514 1286 1566 1322 ut
1599 1275 1689 1322 sibi
1718 1293 1853 1323 sanc-

433 1367 505 1403 tus
526 1366 744 1421 parceret
776 1356 1105 1422 deprecantes,
1134 1355 1328 1402 tandem
1353 1354 1666 1420 purulentum
1692 1354 1854 1400 nescio

432 1433 547 1497 quid
575 1449 632 1479 ex
659 1449 742 1480 ore
775 1432 1061 1499 projiciunt,
1089 1442 1135 1479 et
1159 1433 1226 1479 sic
1251 1432 1426 1479 virtute
1455 1431 1604 1479 sancti
1634 1430 1851 1477 mundati

431 1521 557 1559 sunt.

964 1625 1120 1660 CAPUT
1145 1624 1300 1659 XXXV.

910 1708 962 1743 De
980 1707 1186 1743 carcerariis
1202 1707 1365 1743 dimissis.

495 1806 547 1850 In
571 1806 792 1869 proximo
814 1814 994 1866 autem,
1016 1804 1064 1851 id
1085 1813 1155 1851 est
1178 1813 1288 1870 post
1307 1803 1500 1851 tertium
1524 1802 1584 1849 de
1608 1801 1855 1849 festivitate

431 1880 575 1942 diem,
605 1892 738 1929 erant
777 1892 984 1947 quatuor
1019 1882 1167 1930 vincti
1201 1883 1250 1929 in
1282 1897 1491 1929 carcere.
1532 1882 1745 1944 Cumque
1773 1895 1856 1926 eos

431 1960 603 2007 soevitia
624 1960 795 2023 judicis
826 1961 890 2008 ita
923 1961 1294 2022 constringeret,
1319 1969 1372 2006 ut
1407 1975 1495 2006 nec
1517 1959 1669 2005 victus
1693 1975 1856 2005 neces-

433 2039 552 2084 saria
570 2037 650 2084 ulli
665 2037 874 2103 praebere
891 2037 1072 2098 liceret,
1090 2037 1310 2085 antistitis
1326 2035 1453 2083 beati
1472 2035 1688 2101 praesidia
1705 2035 1853 2082 corde

433 2131 553 2178 puro
578 2127 851 2180 precantur.
880 2119 1010 2162 Dum
1032 2115 1134 2163 haec
1154 2115 1295 2179 igitur
1318 2113 1491 2161 devote
1514 2124 1724 2178 agerent,
1754 2130 1852 2160 me-

436 2191 516 2237 dio
541 2191 633 2252 die,
663 2186 821 2240 subito
843 2193 1073 2240 scinditur
1099 2192 1230 2240 trabs
1249 2208 1344 2257 qua
1367 2191 1513 2257 pedes
1536 2209 1702 2238 eorum
1727 2209 1854 2238 con-

434 2268 550 2315 clusi
568 2272 953 2331 coarctabantur,
975 2271 1327 2333 confractisque
1350 2270 1529 2316 catenis
1555 2268 1780 2316 liberatos
1803 2286 1853 2316 se

435 2348 660 2394 sentiunt.
691 2352 784 2396 Nec
804 2366 940 2396 mora
965 2350 1139 2396 ostium
1163 2357 1350 2413 petunt,
1374 2363 1468 2411 quo
1492 2357 1676 2412 apertO,
1700 2347 1854 2394 eccle—

435 2424 552 2471 siam
575 2427 740 2485 sancti,
768 2428 960 2475 nemine
980 2425 1289 2492 prohibente,
1317 2426 1514 2489 ingressi
1536 2435 1664 2472 sunt.
1686 2427 1853 2472 Custo-

436 2500 519 2547 des
535 2511 695 2549 autem
719 2504 767 2550 in
791 2514 977 2551 tantum
998 2503 1316 2568 obstupefacti
1339 2503 1547 2563 fuerunt,
1571 2512 1623 2549 ut
1644 2518 1731 2549 nec
1757 2518 1855 2549 ver·

435 2576 507 2623 bis
542 2595 624 2624 eos
657 2580 851 2643 quidem
880 2582 1126 2647 increpare
1166 2590 1506 2646 praesumerent
1539 2597 1550 2627 :
1591 2580 1674 2644 qui
1709 2580 1851 2626 ctiam

437 2665 684 2718 sequentes
708 2674 805 2716 ρος,
833 2676 945 2706 cum
968 2659 1148 2706 eisdem
1174 2659 1221 2704 in
1245 2658 1441 2705 ecclesia
1465 2674 1514 2704 se
1544 2656 1846 2704 abdiderunt.

439 2732 504 2778 llli
537 2742 696 2780 autem
727 2734 1015 2783 admirantes
1039 2736 1267 2783 maximas
1293 2735 1464 2798 gratias
1487 2737 1590 2781 Deo
1615 2733 1847 2794 referunt,

437 2810 567 2872 quod
593 2827 675 2857 eos
708 2811 907 2859 obtentu
931 2812 1169 2877 pontificis
1202 2812 1422 2875 dignatus
1456 2812 1594 2859 fuerit
1626 2811 1844 2858 liberare.
