2028 3458
463 291 539 328 26⁶
663 291 730 327 DE
758 289 1049 326 VIRTUTIBUS
1078 289 1249 327 SANCTI
1278 291 1499 328 MARTINI.
1522 310 1572 317 —
1591 291 1663 327 111.

461 376 540 423 hic
562 375 690 423 solus
710 376 949 422 remansit.
969 375 1277 440 Tandemque
1296 376 1488 423 relictus
1503 393 1530 424 a
1547 393 1736 443 somno,
1758 376 1875 423 dum

463 468 748 515 consurgere
783 452 967 511 nititur,
995 452 1244 499 doloribus
1273 463 1555 501 coarctatur.
1583 457 1693 500 Mox
1727 470 1876 500 mem·

462 529 559 575 bris
583 529 807 576 omnibus
841 539 1140 589 contractuS,
1175 547 1231 577 ac
1262 531 1449 577 retortis
1473 541 1741 578 extrorsum
1771 530 1878 577 bra-

463 606 597 662 chiis,
625 608 882 655 contractis
903 608 952 654 in
977 607 1158 672 poplite
1181 607 1365 667 nervis,
1396 609 1628 656 calcaneis
1654 609 1715 656 ad
1740 625 1879 656 crura

463 683 696 744 deductis,
725 702 838 732 cum
870 683 1002 732 nulla
1026 695 1147 732 esset
1179 686 1325 732 virtus
1347 685 1520 746 eundi,
1547 687 1789 734 immensae
1816 687 1877 734 ab

462 777 521 807 eo
544 760 763 826 lacrymae
783 779 896 810 cum
920 763 1106 826 magnis
1129 761 1326 809 vocibus
1353 763 1627 810 effluebant.
1668 765 1879 811 Reversis

463 846 621 885 autem
644 840 784 886 sociis
807 840 867 887 ad
892 840 1087 887 visenda
1108 856 1302 904 pecora,
1324 839 1402 887 hic
1421 840 1604 903 ejulans
1618 841 1875 887 invenitur.

462 913 648 962 Dehinc
686 927 940 980 parentum
975 917 1099 963 ulnis
1134 915 1344 974 ablatus,
1389 915 1557 964 domui
1601 918 1876 965 restituitur.

464 993 574 1038 Post
615 992 715 1040 dies
755 1010 868 1040 vero
907 996 1086 1058 paucos
1121 1010 1229 1040 cum
1266 1010 1525 1058 parumper
1567 1011 1592 1041 a
1632 994 1881 1041 doloribus

462 1068 725 1130 laxaretur,
763 1070 996 1118 mendicis
1027 1070 1314 1135 quibusdam
1349 1071 1605 1137 deputatus
1642 1081 1735 1131 est,
1772 1088 1882 1118 cum

463 1145 638 1208 quibus
660 1164 746 1211 per
769 1147 936 1195 decem
968 1158 1049 1194 aut
1080 1165 1138 1195 eo
1164 1149 1366 1213 amplius
1390 1165 1543 1196 annos
1567 1150 1783 1212 regiones
1805 1167 1882 1195 ur-

463 1221 643 1286 besque
667 1225 968 1283 circumiens,
995 1225 1056 1271 ad
1086 1225 1212 1272 hanc
1244 1242 1438 1290 quoque
1470 1226 1771 1273 festivitatem
1798 1226 1882 1272 ad-

464 1300 678 1359 veniens,
708 1301 934 1348 membris
960 1301 1186 1348 omnibus
1208 1302 1440 1349 solidatus
1464 1313 1547 1349 est.
1583 1306 1691 1349 Duo
1715 1303 1883 1349 eadem

464 1375 540 1422 die
578 1376 828 1425 illuminati
862 1380 997 1439 caeci,
1030 1379 1129 1426 duo
1169 1381 1478 1443 energumeni
1516 1380 1578 1428 ad
1611 1381 1881 1445 sepulcrum

464 1454 682 1501 antistitis
705 1456 950 1505 emundati
970 1467 1096 1503 sunt.

1068 1574 1223 1609 CAPUT
1242 1575 1338 1611 LIX.

961 1656 1013 1690 De
1029 1668 1141 1703 puero
1161 1656 1393 1691 febricitante.

532 1749 817 1797 Adolescens
842 1750 1039 1815 quidam
1075 1768 1131 1799 ex
1155 1752 1356 1809 nostriS,
1394 1752 1644 1798 nocturnis
1675 1751 1884 1799 febribus

465 1826 724 1874 vexabatur
744 1828 794 1874 in
820 1838 1024 1889 tantum,
1052 1838 1103 1875 ut
1128 1828 1188 1875 ab
1211 1828 1331 1876 hora
1354 1828 1448 1875 diei
1472 1838 1639 1876 octava
1662 1845 1810 1894 usque
1834 1829 1882 1875 in

466 1905 725 1952 crastinum
749 1906 958 1954 secunda
982 1907 1080 1953 diei
1111 1906 1256 1966 hora,
1283 1906 1464 1953 nullam
1497 1905 1726 1953 aestuandi
1751 1906 1884 1968 quie-

466 1990 561 2028 tem
587 1992 748 2046 posset
771 1985 1002 2048 accipere.
1035 1987 1145 2030 Erat
1169 1984 1297 2029 enim
1320 1983 1363 2030 ei
1385 1992 1432 2030 et
1458 1982 1699 2029 horribilis
1729 1982 1884 2029 omnis

466 2057 599 2105 cibus
615 2095 626 2117 ‚
655 2078 742 2107 nec
775 2061 1039 2124 quidquam
1067 2061 1196 2107 unde
1219 2061 1571 2107 confortaretur
1595 2059 1880 2124 accipiebat.

467 2134 616 2181 Dolor
647 2137 789 2183 etiam
818 2154 966 2184 saevus
994 2137 1212 2184 membra
1240 2137 1403 2183 omnia
1431 2136 1695 2200 quatiebat,
1723 2136 1807 2183 sed
1838 2146 1884 2183 et

466 2211 619 2275 pallor
641 2229 783 2276 genas
806 2213 1075 2261 obsederat.
1114 2216 1338 2276 Dumque
1363 2213 1429 2259 sic
1453 2214 1575 2259 inter
1599 2229 1767 2260 manus
1794 2213 1882 2259 ser-

467 2297 598 2334 retur
619 2300 870 2353 parentum
892 2300 944 2337 ut
960 2307 1098 2354 aeger,
1122 2307 1243 2353 aegre
1263 2290 1480 2337 obtinere
1498 2291 1632 2354 potui
1656 2300 1706 2337 ut
1728 2290 1789 2337 ad
1809 2307 1882 2336 se-

467 2366 686 2430 pulcrum
707 2368 832 2415 beati
853 2369 1073 2415 antistitis
1091 2369 1371 2416 deferretur.
1391 2368 1601 2415 Tandem
1625 2367 1809 2427 allatus,
1832 2376 1883 2414 ut

467 2443 528 2491 de
552 2456 854 2493 sacrosancto
879 2446 1047 2494 tumuli
1073 2445 1266 2511 pulvere
1289 2445 1440 2492 diluto
1466 2454 1633 2509 potum
1659 2445 1875 2509 sumpsit,

467 2539 579 2569 mox
602 2523 662 2570 ab
682 2523 771 2571 hac
794 2523 1147 2586 benedictione,
1175 2523 1335 2587 fugato
1357 2523 1578 2570 universo
1601 2522 1785 2579 dolore,
1815 2522 1879 2568 fe-

467 2598 567 2647 bris
586 2602 810 2649 exstiucta
836 2612 921 2649 est.
948 2605 1043 2649 Nec
1059 2619 1212 2662 mora,
1232 2611 1410 2650 secreta
1429 2601 1750 2665 digestionum
1773 2600 1877 2647 loca

468 2694 589 2741 puer
628 2679 829 2743 expetit,
859 2679 1110 2727 deducitur
1144 2681 1191 2726 in
1230 2679 1405 2744 angulo
1441 2679 1617 2726 ventris
1647 2678 1880 2743 purgandi

470 2756 634 2816 gratia.
660 2758 838 2803 Verum
868 2756 949 2803 ubi
985 2758 1278 2806 voluntatem
1308 2756 1426 2816 alvi,
1462 2756 1574 2804 flatu
1608 2754 1877 2820 impellente
