2028 3458
418 333 495 370 204
604 332 670 367 DE
699 309 993 366 VIRTUT'IBUS
1022 328 1195 365 SANCTI
1223 327 1448 364 MARTINI.
1472 345 1522 352 —
1546 326 1615 361 111.

416 417 650 481 superius,
669 416 730 462 ad
744 413 1065 479 Chilpericum
1088 430 1248 477 regem
1275 411 1547 459 veniebant.
1577 413 1710 467 Quos
1723 426 1834 456 cum

418 494 477 541 ad
497 494 770 540 convivium
793 492 999 539 ecclesiae
1018 492 1323 555 recepissem,
1346 489 1654 555 epulantibus
1669 488 1826 547 nobis,

418 587 476 617 eo
500 570 634 634 quod
657 587 706 617 se
726 578 989 616 assererent
1010 585 1111 615 esse
1135 567 1412 627 catholicos,
1440 567 1724 627 Florentius,
1752 566 1836 630 qui

418 657 518 694 erat
541 657 673 694 aetate
696 647 873 706 senior,
900 645 1098 692 sollicite
1122 644 1299 707 flagitat
1322 645 1480 708 aliqua
1512 644 1572 691 de
1594 643 1719 690 beati
1747 644 1837 689 viri

422 725 589 771 virtute
611 741 916 787 cognoscere.
954 727 1010 769 At
1044 739 1132 785 ego
1155 725 1257 768 Deo
1289 723 1458 785 gratias
1495 738 1655 784 agens,
1691 722 1837 767 inter-

421 818 538 864 rogo
558 802 597 848 si
623 802 698 848 vel
735 819 914 848 nomen
948 800 1048 864 ejus
1071 800 1119 846 in
1148 799 1237 845 illis
1270 798 1546 861 regionibus
1569 798 1834 857 audiretur,

420 878 495 925 vel
507 880 603 926 vita
621 879 744 926 illius
759 880 991 943 legeretur
1008 877 1068 924 ab
1087 877 1266 941 aliquo.
1285 879 1393 923 Haec
1410 893 1485 923 me
1497 877 1833 940 interrogante,

420 956 486 1003 ait
525 957 575 1002 in
616 957 705 1003 illis
743 957 860 1003 locis
901 954 1152 1019 magnifice
1192 954 1426 1000 honorari
1478 970 1654 1000 nomen
1705 953 1835 1016 ejus;

421 1033 505 1080 sed
533 1044 579 1081 et
601 1051 651 1081 se
673 1034 962 1099 peculiarem
977 1033 1226 1080 alumnum
1250 1032 1468 1078 antistitis
1486 1040 1662 1091 narrat,
1677 1031 1841 1077 dicens

422 1129 567 1177 super
612 1130 661 1159 se
706 1129 930 1177 magnam
975 1112 1076 1175 ejus
1117 1111 1343 1157 virtutem
1396 1120 1638 1156 ostensam
1679 1108 1836 1155 fuisse.

428 1191 595 1249 «AvuS‚
617 1191 786 1254 inquit,
801 1207 935 1236 meus
952 1199 1062 1236 ante
1073 1188 1336 1234 multorum
1351 1187 1588 1234 curricula
1602 1203 1841 1233 annorum

423 1265 670 1313 basilicam
691 1267 954 1314 construxit
969 1268 1017 1312 in
1041 1265 1230 1311 honore
1242 1264 1369 1311 beati
1390 1265 1579 1310 Martini
1594 1263 1838 1310 antistitis:

425 1343 729 1408 perfectaque
750 1361 805 1391 ac
830 1343 1030 1406 eleganti
1066 1359 1211 1407 opere
1238 1351 1484 1403 exornata,
1502 1342 1729 1388 Turonis'
1752 1341 1845 1387 cle-

427 1422 550 1468 ricos
588 1422 834 1485 religiosos
873 1422 1154 1481 destinavit,
1196 1430 1421 1485 expetens
1463 1418 1701 1484 pontificis
1736 1418 1844 1464 reli-

427 1500 579 1563 quias,
598 1510 650 1546 ut
672 1501 848 1547 scilicet
867 1499 1045 1559 locum,
1073 1515 1219 1562 quem
1242 1499 1289 1543 in
1308 1499 1409 1561 ejus
1429 1497 1625 1543 nomine
1650 1495 1847 1542 aedifica-

428 1586 575 1634 verat,
603 1578 703 1639 ejus
730 1576 941 1639 reliquiis
976 1584 1292 1622 consecraret.
1320 1573 1463 1631 Quod
1498 1590 1608 1619 cum
1642 1573 1840 1631 fecisset,

429 1670 514 1717 per
553 1653 764 1716 singulos
801 1653 901 1700 dies
938 1651 1186 1711 veniebat,
1227 1662 1272 1698 et
1307 1660 1572 1716 prostratus
1601 1650 1705 1697 solo
1736 1668 1847 1697 cum

429 1732 652 1794 conjuge,
686 1731 837 1787 sancti
868 1730 1108 1795 pontificis
1136 1730 1365 1778 auxilium
1394 1728 1696 1793 implorabat.
1737 1732 1849 1775 Post

429 1807 634 1855 multum
650 1825 767 1855 vero
791 1817 980 1872 tempus
1005 1808 1159 1853 infans
1187 1807 1261 1853 his
1291 1807 1515 1853 nascitur.
1543 1808 1663 1852 Cum
1688 1816 1848 1852 autem

430 1886 574 1932 trium
597 1886 834 1932 mensium
860 1895 981 1932 esset
1004 1901 1031 1931 a
1054 1884 1183 1931 febre
1207 1884 1437 1949 pulsatus,
1465 1884 1514 1929 in
1538 1892 1723 1930 tantum
1747 1884 1850 1929 exi-

431 1963 641 2024 nanitur,
666 1973 719 2009 ut
740 1979 896 2027 neque
930 1962 1157 2027 papillam
1180 1978 1366 2025 sugere,
1390 1977 1548 2024 neque
1586 1960 1738 2006 ullum
1762 1960 1850 2007 ali-

432 2050 647 2087 mentum
670 2040 848 2087 valeret
872 2040 1102 2104 accipere.
1132 2043 1314 2085 Interea
1343 2038 1632 2103 perdurante
1654 2036 1845 2093 morbo,

432 2116 538 2164 cibo
562 2116 816 2179 abnegato,
841 2116 1103 2180 palpitante
1124 2125 1307 2162 tantum
1331 2115 1517 2179 spiritu,
1545 2114 1674 2160 solus
1697 2124 1849 2160 trans·

435 2196 525 2241 itus
561 2194 938 2259 praestolabatur.
980 2197 1074 2240 Nec
1111 2210 1264 2255 mora,
1293 2193 1392 2256 ipse
1428 2209 1625 2255 quoque
1658 2191 1850 2237 exhala-

436 2283 512 2319 tur
535 2273 740 2337 spiritus.
766 2264 886 2318 Tum
911 2282 1062 2318 mater
1085 2281 1270 2329 moesta,
1295 2271 1367 2316 vel
1388 2270 1508 2329 avia,
1540 2269 1600 2315 de
1624 2269 1774 2314 unicae
1797 2284 1852 2314 ac

436 2351 762 2414 primogenitae
797 2349 975 2396 sobolis
1000 2359 1170 2402 morte,
1198 2347 1551 2412 apprehensum
1587 2347 1710 2392 inter
1745 2346 1853 2391 bra-

435 2427 542 2474 chia
565 2437 675 2474 ante
706 2428 852 2473 altare
887 2426 1013 2473 beati
1050 2426 1238 2472 Martini
1270 2426 1367 2488 jam
1404 2424 1623 2470 examine
1655 2440 1853 2487 corpus·

436 2504 598 2550 culum
622 2521 707 2569 spe
736 2521 835 2550 non
868 2505 1045 2551 incerta
1081 2503 1410 2567 deposuerunt
1438 2521 1447 2547 ε
1489 2512 1535 2548 et
1569 2512 1797 2564 tanquam
1817 2500 1854 2547 si

436 2592 654 2630 sanctum
692 2581 954 2627 visibilibus
991 2590 1239 2627 cernerent
1274 2581 1440 2639 oculis,
1474 2582 1619 2626 anus²
1648 2578 1852 2642 alloqui-

488 2704 543 2749 (1)
567 2702 650 2740 Huc
669 2716 788 2754 usque
808 2704 902 2741 Cod.
927 2704 1199 2749 Martinianum,
1228 2702 1373 2741 caeteris
1394 2715 1479 2753 qua:
1500 2710 1713 2752 sequuntur
1731 2699 1857 2737 scabie

438 2769 475 2798 et
494 2762 695 2812 putredine
713 2763 849 2801 exesis.
871 2766 951 2810 (R.)

491 2826 546 2871 (2)
567 2823 666 2862 Alias
683 2838 783 2862 avus.
806 2826 885 2871 (R.)
