2028 3458
448 238 525 275 418
686 205 688 208 ·
815 237 882 272 DE
910 234 1098 272 GLORIA
1126 233 1499 273 CONFESSORUM.

448 324 599 372 fidelis
630 323 889 388 discipulus
913 331 1167 369 exerceret.
1199 324 1255 368 At
1283 338 1397 368 vero
1422 331 1628 368 attentus
1653 338 1680 369 a
1705 321 1864 386 longe,

449 402 563 448 vidit
586 399 869 448 miraculum
895 416 1140 464 magnum.
1170 402 1290 447 Nam
1311 399 1373 446 ab
1391 410 1591 464 utraque
1613 411 1747 465 parte
1772 401 1868 447 oris

444 480 545 542 ejus
585 481 777 527 flamma
814 487 1138 544 processerat,
1180 487 1227 525 et
1261 477 1307 523 in
1337 477 1485 541 longo
1522 478 1752 543 paulatim
1788 478 1868 524 de-

441 557 601 616 ducta,
618 558 751 621 quasi
775 556 1027 603 fumiculus
1045 571 1188 621 super
1206 571 1318 602 eum
1338 555 1568 612 ascendit,
1594 558 1868 620 conjuncta-

440 652 533 699 que
576 635 717 682 simul
758 635 965 699 pharum
1007 650 1228 697 magnam
1263 633 1444 691 effecit,
1482 650 1587 697 quae
1621 651 1771 698 usque
1805 634 1866 681 ad

439 713 584 760 coelos
620 713 872 760 videbatur
913 712 1142 759 scandere
1178 730 1188 757 :
1229 721 1277 758 et
1314 727 1591 776 quanquam
1636 728 1776 759 coma
1816 713 1863 758 in

438 791 627 837 sublimi
661 791 896 856 producta
926 790 1148 850 excrevit,
1179 806 1277 835 non
1303 799 1463 836 tamen
1498 798 1598 836 erat
1621 790 1763 836 noxia
1788 806 1865 837 ca-

436 869 538 932 piti.
566 870 772 933 Stupens
794 868 899 913 visu
922 866 1086 924 abbas,
1112 866 1393 930 compressit
1419 883 1469 913 se
1492 865 1741 930 paululum
1760 884 1769 912 ε
1788 867 1867 914 ille

438 965 550 995 vero
574 949 813 1012 completa
836 947 1054 994 oratione
1076 946 1139 993 ad
1161 947 1506 993 monasterium
1529 947 1685 993 rediit.
1713 946 1866 994 Abbas

435 1036 595 1072 autem
622 1042 704 1090 per
724 1026 851 1072 viam
874 1024 1014 1071 aliam
1034 1033 1104 1070 est
1128 1033 1337 1081 secutus,
1365 1023 1526 1069 multis
1551 1023 1863 1088 postmodum

434 1101 706 1166 opprobriis
721 1101 1012 1149 monachum
1027 1117 1229 1164 arguens
1248 1099 1310 1147 ad
1327 1115 1498 1147 vanam
1515 1099 1716 1163 gloriam
1730 1116 1863 1147 coer-

432 1179 673 1239 cendam¹,
702 1195 801 1226 non
827 1188 985 1226 tamen
1011 1178 1229 1225 indicans
1254 1194 1359 1241 quae
1382 1177 1597 1225 vidisset.

970 1375 1127 1411 CAPUT
1153 1375 1329 1409 XXXIX.

667 1478 716 1510 De
736 1476 815 1522 igne
831 1476 892 1521 qui
911 1489 933 1510 a
951 1475 1108 1521 reliquiis
1123 1483 1327 1510 sanctorum
1346 1487 1438 1522 saepe
1456 1474 1637 1522 prorupit.

495 1617 761 1681 Mysticum‚
793 1627 844 1664 ut
868 1618 1060 1682 opinor,
1095 1617 1173 1664 hic
1196 1618 1317 1682 ignis
1339 1617 1556 1664 continet
1585 1633 1857 1664 sacramen-

429 1704 555 1757 tum,
596 1706 642 1743 et
694 1696 902 1744 tenebrae
941 1714 1107 1744 sensus
1149 1697 1242 1743 mei
1296 1713 1408 1743 eum
1451 1695 1716 1760 intelligere
1756 1713 1856 1742 non

427 1783 628 1836 queunt,
663 1776 863 1838 qualiter
884 1791 1118 1840 apparens
1143 1775 1302 1822 lumen
1327 1784 1511 1821 tantum
1543 1774 1740 1839 praebet,
1767 1792 1861 1822 nec

427 1851 690 1915 quidquam
714 1851 872 1900 adurit
897 1870 908 1899 ε
933 1870 1084 1899 unum
1109 1862 1296 1900 tantum
1316 1853 1433 1913 scio,
1460 1852 1596 1916 quod
1616 1852 1754 1915 justis
1778 1863 1859 1900 aut

426 1945 568 1993 super
605 1931 757 1992 justos
787 1940 1018 1996 apparent
1050 1932 1154 1979 ista.
1188 1934 1306 1978 Nam
1336 1931 1491 1995 Moysi
1521 1931 1570 1977 in
1602 1930 1726 1978 rubo
1751 1931 1861 1978 reli-

426 2008 626 2070 quisque
650 2008 865 2072 patribus
888 1999 1147 2074 apparebat
1171 2009 1219 2055 in
1242 2009 1543 2056 holocausto.
1575 2009 1701 2055 Beati
1724 2025 1856 2073 quo-

427 2101 522 2147 que
559 2085 743 2131 Martini
780 2102 1101 2151 prorumpens
1131 2103 1157 2133 e
1188 2087 1358 2152 capitis
1388 2087 1586 2142 vertice,
1622 2085 1855 2132 coelorum

426 2162 578 2209 ardua
600 2165 909 2228 penetravit2.
947 2167 1065 2212 Nam
1090 2175 1136 2212 et
1158 2164 1502 2212 Brachionem³
1525 2163 1750 2211 abbatem
1777 2181 1856 2210 sae-

426 2239 533 2304 pius
579 2240 740 2288 audivi
781 2242 1089 2301 referentem,
1139 2242 1260 2289 sicut
1313 2242 1360 2288 in
1402 2241 1550 2288 libro‘*
1595 2242 1713 2288 viiae
1754 2242 1855 2305 ejus

424 2319 718 2384 scripsimus,
759 2319 877 2367 dum
921 2321 970 2367 in
1006 2321 1233 2368 antedicti
1264 2320 1504 2385 pontificis
1533 2319 1728 2367 basilica
1763 2336 1853 2366 no-

425 2405 618 2444 cturnas
651 2396 874 2444 excubias
902 2397 1180 2458 celebraret,
1213 2407 1260 2444 et
1290 2397 1499 2461 reliquiae
1526 2407 1803 2444 sanctorum
1826 2413 1850 2442 a

477 2565 531 2613 (1)
559 2565 714 2604 Confer.
734 2578 820 2617 cap.
840 2578 975 2615 xxxiv,
997 2565 1085 2604 libri
1101 2568 1150 2604 IV
1173 2567 1362 2606 Historiae.

477 2628 530 2676 (2)
559 2626 602 2665 Id
622 2636 754 2666 narrat
771 2627 962 2680 Sulpicius
982 2632 1149 2669 Severus
1168 2630 1321 2683 dialogo
1341 2632 1380 2669 2.

475 2688 529 2738 (3)
559 2691 814 2738 Bi·ac!c'onem,
836 2693 955 2729 2791.

477 2754 532 2801 (4)
560 2752 636 2791 Vit.
655 2756 827 2802 Patrum,
851 2767 936 2805 cap.
961 2756 1024 2792 15.
