2028 3458
451 325 528 363 158
662 325 728 360 DE
755 321 1045 360 VIRTUTIBUS
1074 320 1249 358 SANCTI
1278 321 1504 360 MARTINI.
1525 339 1579 349 —-
1598 321 1651 358 11.

451 411 608 458 inedia
644 410 881 458 deficienti
914 408 1078 455 cibum
1114 407 1404 473 praebuerat3
1443 409 1655 473 dumque
1690 417 1863 456 cuncta

451 490 634 549 circuit,
676 497 845 535 cuncta
881 495 1121 551 peragrat,
1162 487 1293 533 venit
1334 486 1395 533 ad
1442 498 1670 551 puteum,
1719 502 1863 550 quem

451 577 639 613 sanctus
662 565 748 611 Dei
766 564 962 628 proprio
980 563 1147 610 labore
1170 564 1403 627 patefecit,
1429 563 1626 629 fusaque
1649 564 1865 610 oratione

451 659 623 706 aquam
653 642 838 699 haurit,
865 641 1236 705 impositamque
1263 641 1313 687 in
1344 641 1629 706 ampullula,
1664 640 1864 687 domum

452 719 720 784 regrediens
741 717 1026 783 deportavit.
1051 720 1268 782 Cumque
1284 718 1457 766 exinde
1485 718 1685 765 infirmis
1708 717 1865 764 multis

451 796 677 844 tribueret
709 796 948 856 sanitateS,
974 794 1183 859 quadam
1210 796 1311 842 vice
1338 795 1638 842 Renosindus
1668 796 1810 842 frater
1833 796 1862 853 ¹,

452 874 549 936 ejus
582 876 630 919 vi
668 872 870 919 febrium
903 872 1154 938 impulsus,
1188 871 1417 919 decubuit
1450 873 1643 920 lectulo.
1687 876 1868 920 Octava

452 966 563 996 vero
587 949 663 996 die
686 965 797 995 cum
811 948 911 1011 jam
935 948 1086 996 oculis
1109 949 1279 996 clausis
1298 949 1346 995 in
1370 948 1463 995 hoc
1477 949 1670 1012 jaceret,
1698 958 1751 995 ut
1773 949 1867 1013 spi-

450 1027 594 1073 ritum
633 1026 896 1086 exhalaret,
941 1037 1085 1091 atque
1131 1026 1290 1074 omnis
1331 1026 1508 1074 familia
1554 1034 1870 1091 perstreperet

451 1113 652 1151 mortem
676 1103 941 1151 condolens
963 1104 1174 1169 patroni,
1190 1104 1276 1151 'vel
1302 1103 1455 1150 funeri
1478 1104 1741 1151 necessaria
1755 1119 1869 1168 prae·

450 1190 666 1246 pararet,
706 1181 835 1227 venit
872 1182 922 1227 in
966 1192 1176 1229 mentem
1221 1180 1502 1246 presbytero
1547 1191 1600 1227 ut
1638 1181 1699 1228 de
1745 1196 1870 1245 aqua

449 1260 577 1307 beati
612 1259 742 1324 putei
779 1259 828 1306 in
864 1276 948 1306 ore
982 1259 1270 1307 defuncturo
1306 1269 1489 1322 guttam
1521 1258 1732 1306 inferret.
1764 1261 1870 1315 Qua

450 1338 594 1397 illata,
616 1335 700 1383 ubi
722 1337 930 1401 primum
953 1353 1007 1384 os
1031 1338 1131 1402 ejus
1155 1338 1323 1400 attigit,
1348 1352 1460 1384 mox
1483 1337 1648 1383 oculos
1669 1344 1871 1399 aegrotus

452 1415 660 1480 aperuit,
686 1413 999 1479 absolutaque
1032 1415 1174 1462 etiam
1210 1414 1395 1478 lingua,
1423 1423 1557 1478 rogat
1586 1413 1677 1460 sibi
1712 1412 1871 1459 adhuc

451 1492 620 1540 exinde
643 1492 899 1539 ministrari
924 1512 936 1539 ε
959 1502 1254 1557 acceptoque
1276 1492 1451 1552 calice,
1488 1502 1541 1539 ut
1571 1490 1693 1537 bibit
1714 1490 1872 1538 statim

452 1571 607 1618 omnis
630 1569 774 1617 febris
792 1569 981 1635 effugit;
1017 1580 1063 1617 et
1090 1570 1180 1629 sic,
1207 1569 1474 1617 admirante
1503 1569 1703 1630 familia,
1728 1583 1872 1615 sanus

453 1664 480 1695 a
498 1647 673 1696 lectulo
692 1648 740 1694 in
764 1665 862 1712 quo
880 1647 1070 1712 jacebat
1096 1657 1281 1695 erectus
1303 1656 1388 1695 est.

1032 1774 1189 1809 CAPUT
1213 1773 1291 1809 XL.

974 1859 1027 1893 De
1046 1858 1176 1894 Sisulfo
1194 1869 1335 1894 manen.

519 1942 645 2001 Quid
669 1953 829 1990 autem
858 1942 919 2009 de
945 1943 1045 1990 istis
1073 1942 1313 1991 miraculis
1340 1958 1447 1989 mea
1471 1942 1676 2007 parvitas
1699 1940 1874 2006 poterit

455 2037 691 2079 enarrare,
718 2038 829 2068 cum
850 2031 1122 2086 assumptus
1152 2030 1342 2067 sanctus
1367 2019 1454 2066 Dei
1487 2019 1547 2066 de
1570 2019 1753 2065 mundo
1784 2018 1871 2065 ad-

454 2099 549 2146 huc
571 2099 851 2164 praedicator
866 2098 1098 2146 habeatur
1122 2099 1171 2145 in
1194 2097 1395 2156 mundo,
1423 2106 1487 2156 et,
1514 2112 1624 2143 cum
1646 2112 1694 2142 se
1715 2095 1872 2160 palam

456 2177 645 2241 populis
658 2186 893 2224 ostentare
915 2185 1137 2240 nequeat,
1156 2175 1331 2239 jugiter
1355 2191 1410 2232 se
1422 2173 1667 2239 patefactis
1689 2173 1872 2219 virtuti-

457 2253 545 2300 bus
569 2254 848 2311 manifestat,
872 2254 989 2309 dum
1007 2270 1155 2300 caecos
1174 2252 1426 2310 illuminat,
1449 2250 1565 2297 dum
1591 2249 1873 2315 paralyticos

457 2341 610 2387 sanat,
648 2331 859 2396 dumque
888 2342 934 2379 et
967 2331 1178 2396 reliquos
1201 2339 1404 2393 aegrotos
1432 2328 1639 2394 pristinae
1662 2328 1874 2392 sospitati

459 2406 715 2455 reformat?
738 2409 829 2457 Sed
854 2426 967 2474 ego,
994 2419 1047 2456 ut
1081 2425 1202 2473 saepe
1233 2417 1424 2454 testatus
1457 2422 1590 2463 sum,
1623 2405 1874 2468 indignum

460 2501 536 2532 me
572 2502 742 2533 censeo
777 2489 896 2534 tanti
934 2486 1022 2533 viri
1054 2486 1187 2550 signa
1219 2484 1518 2550 depromere.
1546 2486 1725 2530 Tamen
1763 2483 1875 2547 quia

512 2630 565 2676 (1)
589 2628 652 2668 Sic
670 2628 780 2669 Colb.
807 2629 899 2677 duo,
918 2628 1061 2677 Laud„
1087 2628 1206 2675 Bell.‚
1235 2628 1334 2666 Vict.
1359 2629 1429 2665 SB.
1462 2635 1499 2664 et
1523 2627 1622 2667 Clar.
1654 2625 1754 2664 Editi
1782 2637 1875 2662 vero

460 2696 702 2731 Rinoscindus
713 2704 829 2749 pater
843 2701 937 2744 ejus,
952 2694 1149 2742 mendose,
1163 2707 1252 2733 nam
1268 2694 1307 2732 in
1323 2702 1485 2745 utraque
1503 2693 1588 2731 Vita
1607 2691 1725 2730 sancti
1746 2690 1875 2730 Aredii

461 2767 568 2811 pater
582 2759 778 2798 J'ocundus
793 2760 1023 2813 appellatur,
1033 2759 1130 2799 sicut
1149 2768 1186 2797 et
1205 2759 1245 2797 in
1268 2759 1452 2798 chronico
1467 2756 1652 2796 Gaufredi
1665 2756 1871 2801 Vosiensis,

461 2836 546 2875 cap.
569 2826 634 2862 15.
659 2824 740 2875 (R.)
