2028 3458
1049 585 1129 630 DE

429 729 960 803 VIRTUTIBUS
1010 728 1324 799 SANCTI
1374 730 1717 800 MARTIN
1726 731 1751 797 1

945 891 1228 931 EPISCOPI.

740 1247 965 1307 LIBER
1028 1246 1435 1307 SECUNDUS.

439 1390 493 1424 DE
518 1388 764 1424 VIRTUTIBUS
787 1389 887 1431 QUAE
907 1389 1055 1424 FACTAE
1076 1388 1185 1424 SUNT
1205 1388 1427 1430 POSTQUAM
1448 1388 1631 1423 VENmUS
1653 1388 1740 1423 Nos.

445 1506 685 1564 Quoniam
703 1506 977 1571 perscriptis
999 1504 1253 1553 virtutibus
1275 1506 1428 1553 sancti
1449 1506 1655 1564 Martini,
1682 1522 1800 1569 quas

378 1584 602 1641 vidimus,
631 1584 706 1631 vel
728 1600 756 1631 a
779 1583 1003 1631 fidelibus
1023 1584 1136 1631 viris
1158 1584 1221 1631 de
1243 1592 1463 1631 anteacto
1486 1593 1704 1649 tempore
1722 1601 1798 1631 re-

380 1663 535 1727 perire
568 1662 833 1727 potuimus,
864 1662 1087 1715 ardentes
1123 1662 1262 1710 valde
1290 1663 1341 1709 in
1371 1662 1465 1710 hac
1496 1663 1588 1724 siti,
1618 1672 1671 1710 ut
1698 1680 1798 1710 non

378 1740 644 1788 traderetur
667 1740 899 1788 oblivioni
922 1741 1056 1805 quod
1076 1741 1313 1788 Dominus
1336 1757 1556 1789 exercere
1579 1740 1801 1805 dignatus

377 1828 445 1866 est
465 1819 512 1865 in
535 1818 727 1866 laudem
751 1819 973 1867 antistitis
995 1819 1087 1881 sui,
1112 1818 1329 1866 libellum
1345 1819 1556 1884 primum
1571 1819 1800 1884 explicui-

378 1913 508 1957 mus,
540 1913 736 1945 narrare
767 1898 911 1945 etiam
940 1913 995 1944 ea
1018 1897 1239 1963 cupimus
1261 1913 1368 1961 quae
1389 1906 1556 1944 nostro
1581 1906 1799 1961 tempore

377 1975 450 2039 agi
491 1975 721 2022 miramur
738 2013 751 2037 ,
791 1976 1118 2039 relinquentes
1162 1992 1260 2022 non
1303 1991 1503 2040 parvam
1550 1975 1798 2021 materiam

380 2051 810 2116 eloquentioribus,
842 2063 1076 2100 sementes
1105 2062 1265 2099 autem
1299 2052 1534 2116 magnalia
1569 2052 1798 2098 virtutum

380 2129 428 2175 in
449 2130 624 2178 nostris
647 2130 894 2196 operibus,
918 2141 969 2178 ut
994 2130 1127 2196 quod
1150 2131 1318 2195 peritia
1336 2147 1436 2178 non
1460 2130 1627 2178 dilatat
1648 2131 1695 2177 in
1714 2146 1798 2195 pa-

382 2206 520 2269 ginis,
546 2209 864 2256 numerositas
889 2209 1117 2255 virtutum
1134 2207 1357 2256 extendat
1379 2209 1426 2255 in
1450 2207 1671 2256 cumulis.

920 2411 1077 2447 CAPUT
1096 2411 1302 2448 PRIMUM.

683 2506 844 2550 Qualiter
860 2520 879 2542 a
898 2507 995 2542 febre
1011 2515 1045 2542 et
1056 2506 1254 2556 dysenteria
1271 2515 1392 2542 erutus
1404 2519 1494 2542 sum.

445 2600 582 2644 Anno
602 2600 860 2646 centesimo
885 2600 1233 2665 septuagesimo
1261 2599 1474 2647 secundo
1498 2610 1608 2666 post
1630 2603 1799 2648 transi-

384 2680 485 2719 tum
524 2672 649 2722 beati
676 2678 863 2724 Martini
895 2677 1142 2738 antistitis,
1181 2676 1415 2740 Sigiberto
1454 2678 1795 2741 gloriosissimo

381 2765 489 2813 rege
508 2750 797 2800 duodecimo
816 2771 947 2801 anno
971 2763 1214 2818 regnante,
1237 2764 1348 2819 post
1376 2771 1621 2803 excessum
1647 2756 1796 2802 sancti

388 2828 602 2876 Eufronii
634 2831 863 2897 episcopi,
899 2849 999 2879 non
1035 2848 1143 2879 meo
1177 2833 1369 2890 merito,
1406 2849 1518 2880 cum
1554 2834 1644 2880 sim
1678 2849 1796 2880 con-
