2028 3458
439 272 528 319 294
663 272 730 307 DE
757 270 1051 308 VIRTUTIBUS
1081 271 1251 308 SANCTI
1281 271 1507 310 MARTINI.
1525 291 1578 298 —
1594 272 1660 308 IV.

451 357 680 404 ducentas
702 373 821 405 cerae
835 355 980 404 libras
1001 366 1274 420 aggregatas
1289 356 1503 419 haberet,
1531 374 1698 405 rumor
1722 356 1870 404 hosti-

451 434 594 482 litatis
617 434 818 482 obortus
840 444 927 482 est.
956 437 1013 482 At
1033 434 1130 495 ille,
1156 451 1219 482 ne
1240 445 1409 483 votum
1427 452 1570 483 suum
1590 435 1746 501 perire
1771 451 1873 483 cer·

451 520 600 571 neret,
626 526 787 558 ceram
817 510 940 558 fossa
973 510 1125 558 humo
1148 512 1356 575 operuit.
1388 515 1508 560 Pace
1537 528 1734 577 quoque
1762 510 1874 559 red-

451 587 567 649 dita,
595 587 854 636 diaconum
884 598 1121 646 nostrum,
1145 597 1200 635 ut
1232 604 1339 635 eam
1374 598 1573 654 peteret,
1609 589 1870 637 accersivit.

450 668 562 711 Erat
585 674 700 712 tunc
727 681 840 712 cum
867 681 926 712 eo
949 682 1087 730 puer,
1113 666 1198 730 qui
1225 682 1396 714 renum
1422 666 1751 730 gravissimum
1774 683 1877 732 per-

448 740 631 790 ferebat
654 741 893 790 dolorem.
923 743 1019 801 Qui
1041 742 1276 791 accedens
1299 742 1362 791 ad
1386 743 1568 800 virum,
1598 753 1646 792 et
1668 760 1876 807 cognos-

451 836 565 867 cens
594 818 656 867 ab
686 836 772 867 ore
805 819 906 884 ejus
940 837 1045 886 quae
1076 830 1208 885 gesta
1240 820 1454 883 fuerant,
1493 837 1653 868 ceram
1687 837 1794 884 quae
1827 821 1876 867 in

450 906 576 944 terra
610 895 789 945 latebat
822 896 979 965 detegi
1007 897 1160 961 jubet.
1206 900 1332 949 Puer
1365 913 1481 945 vero
1510 897 1594 962 qui
1628 895 1874 956 dolorem,

450 992 597 1040 quem
617 975 849 1037 diximus,
876 975 1162 1041 patiebatur,
1188 985 1388 1041 accepto
1411 975 1599 1023 sarculo
1624 985 1678 1021 ut
1700 984 1880 1022 terram

450 1056 653 1117 foderet,
678 1056 744 1104 ait
771 1075 781 1103 ε
813 1075 835 1101 «
862 1057 911 1104 Si
941 1066 991 1103 tu
1013 1056 1250 1122 propitius
1272 1073 1347 1115 es,
1376 1067 1542 1104 sancte
1563 1055 1788 1116 Marfine,
1815 1053 1874 1102 ad

450 1133 546 1180 hoc
582 1150 760 1181 munus
799 1133 1010 1180 hominis
1049 1133 1193 1197 hujus
1231 1133 1594 1198 aspiciendum,
1634 1133 1885 1195 contingat

453 1210 603 1257 virtus
625 1219 706 1256 tua
728 1226 866 1258 renes
889 1226 1046 1269 meos,
1074 1220 1122 1256 et
1142 1210 1202 1257 sit
1227 1210 1345 1256 mihi
1366 1209 1492 1256 salus
1514 1226 1626 1256 cum
1650 1208 1777 1255 hanc
1801 1207 1882 1254 de-

452 1297 619 1335 texero
641 1303 821 1334 ceram.
847 1305 871 1331 ²>
895 1290 1115 1351 Cumque
1135 1288 1443 1352 percussisset
1471 1285 1660 1333 sarculo
1683 1295 1879 1346 terram,

452 1365 614 1412 sonuit
643 1364 904 1412 ossiculum
937 1381 1107 1412 renum
1143 1366 1261 1429 ejus,
1290 1374 1338 1412 et
1372 1364 1532 1411 statim
1561 1363 1720 1410 omnis
1742 1362 1883 1410 dolor

452 1442 639 1489 ablatus
674 1452 773 1501 est;
811 1443 975 1506 sicque
1010 1441 1265 1489 incolumis
1308 1458 1419 1489 cum
1454 1441 1547 1488 hac
1583 1457 1692 1488 cera
1732 1439 1883 1488 beatae

452 1518 657 1567 basilicae
680 1529 991 1585 praesentatus
1012 1529 1099 1566 est.

1024 1711 1179 1745 CAPUT
1203 1710 1308 1747 XVI.

947 1815 1002 1860 De
1020 1813 1245 1848 absolutione
1259 1813 1383 1849 vincti.
1436 1815 1438 1817 ’

521 1905 680 1950 Homo
721 1903 920 1968 quidam
965 1905 1098 1952 urbis
1138 1905 1386 1952 Turonicae
1435 1903 1585 1968 judici
1633 1901 1883 1967 culpabilis

456 1980 648 2039 exstitit,
674 1996 821 2045 quem
843 1981 895 2028 in
914 1982 1102 2029 vincula
1126 1991 1434 2047 compactum
1457 1976 1686 2028 custodiri
1707 1995 1882 2044 praece—

458 2057 543 2121 pit.
588 2057 966 2106 Advenientibus
1004 2069 1166 2107 autem
1205 2058 1377 2106 diebus
1416 2058 1590 2106 sanctis
1628 2056 1883 2104 dominicae

456 2135 843 2196 resurrectionis,
879 2136 1017 2200 jussit
1052 2153 1164 2184 eum
1198 2136 1347 2200 judex
1382 2137 1431 2183 in
1475 2135 1670 2182 ulterius
1706 2134 1883 2197 Ligeris

456 2211 588 2259 fluvii
621 2211 752 2259 littus
778 2214 827 2260 in
860 2214 953 2261 alia
983 2214 1165 2261 retrudi
1189 2213 1422 2261 custodia.
1460 2212 1736 2260 Ducebatur
1767 2227 1880 2274 ergo

457 2305 556 2335 non
580 2289 739 2337 solum
762 2292 939 2339 catenis
970 2291 1094 2339 colla
1118 2293 1383 2348 revinctuS,
1410 2308 1576 2338 verum
1601 2291 1743 2338 etiam
1772 2299 1882 2354 post

455 2376 642 2432 tergum
666 2368 888 2416 manibus
912 2368 1143 2433 colligatis
1170 2388 1181 2417 ε
1210 2386 1417 2435 cumque
1450 2369 1511 2416 ad
1538 2369 1691 2433 ripam
1725 2367 1881 2414 nomi-

455 2445 555 2492 nati
591 2447 744 2493 amnis
783 2446 1114 2507 advenissent,
1160 2457 1208 2495 et
1250 2447 1493 2511 navigium
1537 2463 1635 2510 quo
1679 2445 1879 2492 transire

455 2522 686 2571 deberent
728 2524 1138 2589 praestolarentur,
1180 2535 1324 2590 atque
1367 2525 1446 2572 ille
1496 2523 1648 2572 sancti
1691 2524 1879 2570 Martini

455 2600 683 2648 auxilium
716 2601 1059 2649 incessabiliter
1093 2602 1351 2666 flagitaret,
1388 2602 1543 2649 visum
1578 2610 1647 2648 est
1681 2609 1878 2664 repente

456 2677 752 2739 custodibus,
781 2679 918 2743 quasi
950 2677 1011 2726 ab
1035 2679 1194 2744 aliquo
1219 2680 1374 2745 capite
1395 2678 1631 2726 verberati
1660 2677 1872 2724 suissent.

461 2757 775 2821 Protinusque
796 2757 844 2803 in
872 2766 1043 2805 terrain
1067 2767 1228 2819 ruunt,
1258 2774 1312 2805 ac
1338 2766 1516 2804 catenae
1538 2771 1643 2819 quae
1664 2755 1875 2801 vinctum
