2028 3458
432 283 509 319 276
648 282 714 317 DE
742 277 1035 316 VIRTUTIBUS
1064 275 1235 313 SANCTI
1264 272 1486 309 MARTINI.
1509 290 1559 298 -
1579 271 1645 307 1v.

434 368 535 434 que*
560 368 663 415 solo
689 365 957 413 orationem
984 362 1110 422 sudi,
1135 371 1277 426 atque
1304 360 1530 407 secretius
1554 375 1583 406 a
1605 357 1858 423 pendenti—

434 448 524 494 bus
547 446 661 492 velis
684 460 836 491 unum
860 441 950 489 sub
972 441 1256 487 vestimento
1281 438 1509 501 injectum
1531 436 1685 496 filum,
1706 435 1858 482 crucis

434 524 493 571 ab
518 523 613 569 hoc
645 519 943 585 signaculum
966 519 1015 564 in
1046 518 1156 565 alvo
1178 516 1404 580 depinxi:
1432 515 1652 580 protinus
1686 511 1856 560 dolore

437 600 625 659 sedato,
653 614 797 646 sanus
819 594 1041 644 abscessi.

1033 771 1191 808 CAPUT
1216 772 1267 807 ΙΙ.

912 883 965 917 De
981 880 1104 929 lingua
1123 889 1158 916 et
1174 879 1277 916 labiis
1295 878 1394 914 meis.

504 986 730 1046 Quodam
750 1002 865 1033 vero
885 994 1103 1049 tempore
1118 983 1279 1047 lingua
1303 982 1422 1029 mihi
1441 981 1646 1045 graviter
1670 980 1865 1044 irrigue-

438 1075 528 1124 rat,
551 1065 615 1111 ita
637 1074 690 1111 ut
714 1062 999 1128 plerumque
1020 1060 1140 1108 dum
1161 1060 1294 1125 loqui
1314 1058 1504 1120 vellem,
1524 1057 1764 1105 balbutire
1788 1073 1864 1103 me

440 1146 634 1203 faceret,
654 1141 788 1206 quod
812 1156 912 1187 non
938 1138 1056 1186 mihi
1079 1139 1182 1186 siue
1206 1137 1504 1203 improperio
1535 1144 1652 1183 erat.
1682 1136 1867 1182 Accessi

440 1231 601 1268 autem
619 1219 680 1269 ad
703 1217 944 1265 tumulum
963 1216 1130 1274 sancti,
1157 1231 1212 1262 ac
1235 1231 1320 1280 per
1341 1215 1528 1278 lignum
1552 1212 1751 1260 cancelli
1773 1213 1868 1260 lin-

441 1314 582 1362 guam
613 1295 895 1361 impeditam
926 1294 1081 1341 traxi:
1119 1294 1340 1359 protinus
1370 1302 1558 1339 tumore
1593 1307 1869 1355 compresso

442 1374 682 1424 convalui.
711 1376 1008 1420 Intumuerat
1032 1371 1161 1418 enim
1180 1370 1336 1429 valde,
1363 1379 1410 1416 et
1431 1379 1588 1416 totum
1612 1368 1757 1433 palati
1780 1369 1870 1415 im-

443 1453 654 1518 pleverat
687 1460 895 1498 antrum.
934 1448 1120 1496 Deinde
1155 1457 1264 1512 post
1297 1447 1425 1495 diem
1463 1448 1654 1494 tertium
1686 1445 1869 1493 labium

446 1529 565 1576 mihi
599 1527 784 1575 exsilire
815 1527 1021 1591 graviter
1045 1525 1205 1590 coepit.
1235 1525 1419 1571 Accessi
1456 1524 1630 1570 iterum
1661 1539 1872 1587 quaerere

447 1606 723 1670 sospitatem
745 1604 805 1651 ad
828 1605 1071 1651 tumulum
1099 1621 1109 1648 :
1141 1612 1365 1665 tactoque
1387 1601 1515 1648 labio
1539 1617 1567 1647 a
1598 1599 1873 1664 dependen-

444 1683 576 1730 tibus
598 1683 732 1743 velis,
759 1682 978 1747 protinus
998 1681 1126 1727 stetit
1143 1697 1276 1726 venae
1297 1679 1479 1744 pulsus.
1507 1683 1565 1726 Et
1586 1678 1732 1726 credo
1756 1678 1874 1725 mihi

447 1763 549 1810 haec
583 1779 640 1809 ex
672 1762 968 1821 abundantia
1002 1761 1246 1824 sanguinis
1282 1761 1495 1807 evenisse
1522 1779 1532 1806 z
1573 1777 1673 1807 non
1714 1767 1873 1805 tamen

449 1840 730 1903 sanguinem
763 1841 981 1887 minuere
1017 1837 1178 1885 studui
1217 1847 1415 1902 propter
1448 1837 1597 1884 sancti
1628 1837 1868 1883 virtutem.

451 1919 637 1965 Nullam
659 1927 819 1964 tamen
844 1916 964 1963 mihi
986 1915 1110 1963 ultra
1134 1914 1402 1962 molestiam
1438 1914 1545 1961 fecit
1579 1913 1679 1960 haec
1712 1929 1871 1960 causa.

1045 2086 1202 2122 CAPUT
1219 2085 1289 2121 ΙΙΙ.

922 2206 973 2240 De
989 2218 1102 2253 puero
1123 2217 1143 2239 a
1157 2205 1255 2239 febre
1273 2211 1410 2240 sanato.

519 2303 739 2367 Denique
762 2301 989 2367 puerulus
1017 2300 1245 2366 parvulus
1274 2300 1559 2365 gravabatur
1588 2317 1615 2347 a
1647 2298 1776 2346 febre
1794 2336 1806 2358 ,
1834 2308 1880 2344 et

455 2382 604 2429 exesis
624 2379 869 2436 membris,
888 2396 999 2427 cum
1025 2378 1211 2426 nullum
1234 2379 1469 2443 acciperet
1489 2377 1652 2425 cibum
1668 2415 1680 2435 ,
1706 2377 1755 2423 in
1784 2376 1878 2422 hoc

457 2468 560 2506 erat
582 2467 635 2505 ut
652 2458 872 2522 spiritum
893 2456 1149 2504 exhalaret.
1179 2457 1398 2503 Cucurrit
1421 2455 1483 2503 ad
1510 2472 1586 2502 me
1610 2465 1745 2520 pater
1766 2471 1878 2501 cum

455 2535 677 2599 lacrymis
701 2552 711 2580 :
738 2534 815 2581 cui
840 2550 929 2597 ego
954 2533 1159 2580 indicavi
1184 2543 1258 2593 ut,
1285 2533 1496 2580 delatum
1521 2534 1583 2580 ad
1605 2533 1873 2591 basilicam,

457 2629 600 2678 super
632 2627 744 2659 eum
774 2620 915 2657 nocte
949 2620 1049 2658 tota
1082 2609 1310 2674 vigilaret.
1350 2611 1494 2668 Quod
1527 2624 1639 2657 cum
1675 2610 1875 2667 fecisset,

457 2691 614 2738 statim
649 2686 852 2754 puerum
888 2704 1056 2736 sanum
1095 2705 1179 2754 per
1210 2689 1435 2736 virtutem
1470 2690 1620 2736 sancti
1661 2687 1879 2735 antistitis

457 2767 650 2832 recepit.
