2028 3458
434 361 504 397 ¹32
642 360 707 396 DE
734 356 1026 395 VIRTUTIBUS
1056 354 1228 392 SANCTI
1258 356 1483 394 MARTINI.
1506 375 1557 382 —
1574 355 1623 391 11.

426 447 543 494 bant
566 445 775 511 populis,
814 443 1016 490 multum
1040 458 1125 508 per
1154 459 1265 490 eum
1285 442 1509 508 stipendii
1534 442 1838 507 accipientes.

426 527 551 572 Dum
571 523 668 571 haec
701 538 786 587 per
806 522 948 586 longa
973 530 1192 585 tempora
1213 531 1514 586 gererentur,
1542 536 1671 567 anno
1695 519 1844 566 aetatis

426 619 520 649 suae
544 599 799 647 undecimo
816 601 826 622 ¹
846 597 1042 644 advenit
1068 598 1130 644 ad
1155 598 1456 645 festivitatem
1474 597 1605 644 beati
1634 595 1839 653 Martini,

422 678 756 744 projectusque
772 691 800 722 a
822 674 936 722 soris
953 684 1063 722 ante
1081 675 1352 740 sepulcrum
1367 674 1682 722 miserabilter
1701 673 1845 721 decu-

420 755 581 804 babat.
609 757 859 800 Transacta
876 763 1037 801 autem
1059 753 1325 815 festivitate,
1351 754 1508 801 visum
1528 752 1843 816 auditumque

419 833 612 898 recepit.
652 830 768 878 Inde
786 831 1028 879 *reductus
1064 831 1126 879 ad
1168 832 1356 880 solitam
1402 830 1804 879 consuetudinem
1827 866 1839 889 ‚

417 909 684 977 postulabat
720 910 907 974 stipem.
948 913 1060 957 Post
1092 925 1274 957 annum
1308 909 1405 957 fere
1440 919 1523 956 aut
1552 925 1611 956 eo
1638 909 1843 974 amplius

412 988 541 1034 venit
563 988 736 1035 iterum
760 987 821 1034 ad
844 986 1197 1035 solemnitatem
1216 1026 1227 1048 ‚
1251 988 1530 1054 positusque
1554 996 1625 1034 est
1649 987 1699 1033 in
1732 987 1842 1034 loco

411 1064 459 1111 in
483 1081 579 1129 quo
604 1065 740 1130 prius
758 1069 990 1130 Jacuerat,
1019 1065 1326 1130 decursisque
1346 1065 1661 1113 solemnitatis
1689 1063 1839 1123 festis,

412 1142 599 1191 directis
622 1143 850 1191 omnibus
873 1143 1119 1205 membris,
1139 1144 1468 1210 plenissimam
1497 1143 1703 1190 obtinuit
1721 1143 1844 1190 sani-

411 1231 571 1269 tatem.
605 1225 723 1280 Quae
759 1239 822 1270 ne
860 1222 1158 1270 incredibilia
1196 1223 1390 1270 fortasse
1430 1222 1717 1281 videantur,
1753 1238 1843 1284 ego

410 1315 520 1344 eum
543 1298 771 1364 sospitem
791 1299 888 1347 vidi
909 1318 918 1346 z
946 1317 1034 1348 nec
1059 1300 1224 1348 audita
1253 1299 1313 1347 ab
1339 1300 1519 1364 aliquo,
1549 1299 1633 1346 sed
1657 1298 1718 1345 ab
1742 1299 1844 1362 ejus

408 1391 491 1422 ore
516 1386 704 1423 narrata
721 1378 929 1441 cognovi
952 1380 984 1424 ².
1013 1378 1107 1425 Sed
1125 1378 1257 1443 quia,
1284 1377 1403 1436 dixi,
1438 1375 1718 1442 parentibus
1742 1375 1844 1439 ejus

408 1453 502 1501 hoc
543 1453 607 1501 ob
646 1466 897 1520 peccatum
931 1457 1164 1516 evenisse,
1198 1473 1286 1523 per
1324 1456 1639 1503 violationem
1689 1454 1843 1501 noctis

415 1533 689 1594 dominicae,
716 1544 897 1596 cavete,
924 1552 955 1583 o
972 1536 1080 1597 viri,
1106 1534 1281 1600 quibus
1301 1545 1412 1582 sunt
1436 1534 1696 1598 conjuncta
1716 1549 1844 1580 con-

410 1611 555 1675 jugia.
587 1612 707 1659 Satis
738 1621 809 1659 est
851 1613 958 1660 aliis
994 1613 1166 1660 diebus
1199 1613 1435 1678 voluptati
1468 1628 1665 1677 operam
1700 1610 1838 1669 dare3

414 1688 537 1737 hanc
559 1700 719 1738 autem
743 1691 873 1739 diem
897 1692 945 1738 in
971 1691 1196 1739 laudibus
1218 1692 1306 1738 Dei
1328 1690 1567 1756 impolluti
1594 1689 1837 1736 deducite.

415 1767 629 1831 Quiaqui
652 1769 775 1816 inea
796 1769 1026 1833 conjuges
1045 1769 1188 1816 simul
1208 1768 1542 1827 convenerint,
1570 1766 1743 1813 exinde
1763 1775 1846 1812 aut

415 1843 704 1908 ephilentici‚
723 1856 805 1894 aut
821 1846 996 1912 leprosi
1012 1847 1095 1895 filii
1112 1856 1390 1894 nascuntur.
1412 1847 1576 1910 Sitque
1593 1845 1689 1891 hoc
1708 1843 1842 1908 quod

417 1923 644 1984 diximu5‚
679 1927 1052 1991 documentum,
1090 1946 1152 1976 ne
1186 1928 1368 1976 malum
1399 1927 1531 1992 quod
1569 1943 1664 1973 una
1701 1935 1843 1973 nocte

417 2004 747 2064 committitur,
780 2023 866 2070 per
908 2007 1174 2054 multorum
1211 2007 1364 2072 spatia
1405 2021 1646 2052 annorum
1691 2004 1843 2069 perfe-

420 2090 550 2128 ratur
570 2084 597 2127 ³.

475 2250 530 2296 (1)
548 2252 635 2288 Bec.
660 2252 762 2298 (cum
789 2253 894 2290 2204
918 2259 956 2289 et
980 2253 1120 2299 5359),
1142 2253 1446 2302 quadragesimo.
1472 2252 1554 2297 (R.)

474 2312 529 2358 (2)
548 2312 619 2350 Hic
639 2313 748 2352 Colb.
768 2314 795 2352 b
814 2314 930 2363 (idem
948 2328 994 2353 ac
1006 2316 1122 2363 5336)
1141 2314 1258 2353 habet
1274 2315 1448 2364 Explicit
1469 2313 1562 2351 liber
1578 2327 1606 2350 ιι
1624 2315 1841 2351 Miraculo-

425 2391 505 2414 rum
527 2381 650 2417 sancei
666 2374 833 2419 Martini
838 2397 852 2427 ;
872 2394 944 2420 nec
966 2381 1084 2420 habet
1104 2390 1319 2432 sequentes.
1342 2384 1425 2429 (R.)

476 2446 531 2491 (3)
550 2445 619 2483 Hic
637 2446 774 2485 desinit
791 2450 899 2495 Bec.‚
923 2449 1021 2487 sicut
1039 2456 1077 2486 et
1094 2447 1203 2486 Vino.
1220 2476 1231 2494 ‚
1253 2460 1342 2486 cum
1362 2447 1433 2485 liac
1452 2447 1622 2485 clausula
1637 2475 1646 2491 ‚
1669 2448 1844 2496 Explicit

422 2507 470 2542 de
487 2509 690 2545 Miraculis
711 2514 833 2547 sancte·
856 2513 1025 2549 M'artini
1042 2514 1208 2560 episcopi
1230 2519 1267 2547 et
1286 2510 1532 2558 Confessoris.
1555 2510 1635 2556 (R.)
1650 2529 1703 2536 —
1723 2506 1785 2546 Sic
1804 2515 1841 2543 et

425 2570 526 2607 5359
550 2572 719 2620 Explicit
741 2577 817 2609 vita
827 2577 871 2613 S.
891 2574 1069 2612 Martim'.
