2028 3458
400 293 476 329 438
772 292 835 326 DE
863 291 1049 327 GLORIA
1077 291 1442 329 CONFESSORUM.

399 381 445 425 in
487 395 593 424 rure
628 378 800 423 domus
837 378 1167 435 Sexdacensis,
1211 377 1342 440 quod
1382 380 1430 423 in
1462 378 1563 441 ejus
1600 378 1807 424 sessione

400 454 704 514 subsistebat,
735 454 978 500 ecclesiam
1014 452 1260 500 aedificavit
1294 471 1303 498 :
1337 469 1392 500 ex
1420 453 1530 499 inde
1564 454 1736 498 iterum
1759 454 1806 498 in

400 538 491 584 alia
530 537 642 583 villa
674 537 804 584 aliud
840 535 1086 583 aedificavit
1134 535 1364 600 templum
1396 537 1509 596 Dei,
1554 545 1809 599 utrumque

398 625 554 661 tamen
601 623 872 660 sanctorum
928 612 1135 676 reliquiis
1179 612 1507 658 communivit.
1559 614 1678 658 Cum
1724 627 1807 657 au-

397 703 492 739 tem
516 692 616 740 dies
651 691 916 759 dominicus
941 689 1232 750 advenisset,
1260 687 1506 736 celebratis
1527 689 1679 735 missis
1712 687 1809 735 uno

398 771 445 816 in
471 769 598 828 loco,
620 770 681 816 ad
702 770 846 816 alium
872 768 1112 834 pergebat.
1143 770 1250 814 Erat
1273 777 1431 815 autem
1451 768 1573 814 inter
1592 777 1811 830 utrasque

399 848 616 895 ecclesias
647 843 867 912 spatium,
905 846 1039 910 quasi
1073 844 1273 891 millium
1309 845 1491 907 viginti.
1525 847 1626 890 Hoc
1648 843 1691 890 ei
1713 853 1811 890 erat

398 941 518 988 opus
540 941 625 989 per
659 925 883 988 singulos
904 924 1171 971 dominicos
1193 922 1310 970 dies.
1342 925 1537 969 Factum
1564 930 1633 968 est
1655 928 1810 967 autem

397 1000 604 1063 quadam
643 1001 918 1060 Dominica,
948 1000 1063 1046 dum
1087 999 1182 1046 hoc
1206 999 1294 1046 iter
1316 1007 1511 1053 tereret,
1537 1007 1583 1044 et
1605 997 1813 1043 velocius

398 1078 708 1143 cornipedem
748 1078 1006 1125 verberans
1041 1077 1170 1125 calce
1210 1085 1503 1142 properaret,
1542 1084 1686 1140 caput
1715 1074 1815 1137 ejus

399 1171 556 1202 ramus
597 1156 796 1221 mespoli
843 1154 1024 1202 arboris
1062 1163 1343 1220 percuteret.
1392 1156 1444 1199 At
1481 1152 1557 1199 ille
1595 1151 1813 1214 injuriam

397 1228 620 1286 sentienS,
646 1229 710 1274 ait
737 1246 746 1272 :
777 1247 799 1271 «
822 1231 1042 1274 Arescere
1053 1236 1100 1273 te
1117 1225 1282 1289 jubeat
1305 1223 1596 1285 Deus,cujus
1618 1232 1735 1268 nutu
1755 1222 1815 1269 de

398 1315 520 1351 terra
531 1320 715 1367 egressa
730 1320 797 1350 es.
818 1322 840 1346 »
868 1306 923 1349 Et
936 1302 1186 1349 confestim
1207 1300 1332 1348 aruit
1351 1300 1494 1347 arbor
1510 1300 1723 1363 usquein
1744 1300 1814 1364 ip-

399 1381 459 1427 sis
481 1381 665 1427 virtutis
688 1398 783 1427 suae
807 1380 1060 1427 radicibus.
1089 1378 1169 1425 Ille
1191 1394 1305 1424 vero
1332 1377 1564 1424 accedens
1582 1393 1679 1440 quo
1697 1376 1811 1436 ibat,

397 1458 641 1505 celebratis
663 1459 918 1515 solemniis,
942 1457 1026 1503 fuit
1048 1458 1095 1502 in
1119 1456 1290 1503 eodem
1313 1456 1427 1502 loco
1450 1454 1601 1501 tribus
1626 1453 1810 1501 diebus.

399 1538 579 1591 Quarta
615 1544 774 1581 autem
812 1534 890 1580 die
925 1549 1185 1597 regressus,
1224 1548 1335 1578 cum
1370 1530 1561 1577 vidisset
1594 1529 1815 1577 arborem

398 1611 596 1670 aridam,
623 1611 688 1657 ait
715 1629 724 1656 :
757 1630 779 1654 «
793 1613 872 1656 Vae
895 1610 1012 1656 mihi
1035 1609 1182 1673 quiin
1200 1607 1515 1655 amaritudine
1537 1606 1695 1654 cordis
1716 1623 1816 1654 ma·

397 1687 541 1734 ledixi
581 1687 694 1734 huic
730 1686 906 1734 arbori.
946 1690 1005 1734 Et
1043 1702 1151 1733 ecce
1180 1686 1308 1732 enim
1349 1684 1550 1748 qualiter
1584 1683 1720 1730 aruit.
1762 1687 1816 1730 Et

399 1765 690 1812 descendens
722 1764 974 1829 prostravit
1012 1781 1061 1811 se
1097 1762 1159 1810 ad
1193 1762 1376 1810 radices
1410 1761 1535 1824 ejus,
1574 1770 1620 1808 et
1654 1761 1719 1807 ait
1757 1761 1815 1807 ad

399 1843 659 1890 Dominum
693 1861 702 1889 :
742 1862 764 1888 «
808 1846 934 1889 Deus
973 1842 1295 1906 omnipotens,
1333 1839 1468 1902 cujus
1504 1848 1623 1885 nutu
1656 1839 1817 1885 omnia

398 1920 739 1984 gubernantur,
766 1920 900 1983 cujus
924 1919 1126 1983 imperio
1150 1934 1248 1964 non
1275 1926 1384 1963 nata
1401 1925 1637 1974 creantur,
1663 1926 1818 1963 creata

399 1998 582 2056 vivunt,
609 2006 798 2043 mortua
811 1995 1160 2060 reformantur:
1183 1993 1317 2057 cujus
1330 1992 1517 2040 salubre
1531 2002 1815 2056 praeceptum

402 2081 631 2128 tenentes,
654 2071 811 2117 vivere
834 2086 923 2116 nos
949 2078 1058 2134 post
1079 2067 1517 2131 mortem'corporis
1540 2066 1681 2128 hujus
1713 2082 1814 2112 cre-

401 2147 557 2194 dimus
580 2164 665 2212 per
688 2148 894 2195 futuram
918 2146 1331 2201 resurrectionem,
1356 2154 1407 2190 tu
1441 2144 1642 2208 praecipe
1667 2153 1718 2189 ut
1742 2160 1815 2190 re-

400 2225 597 2271 virescat
617 2224 717 2271 haec
740 2224 901 2283 arbor,
923 2234 970 2271 et
992 2225 1050 2270 sit
1071 2224 1189 2270 sicut
1213 2232 1368 2270 antea.
1397 2241 1418 2265 »
1437 2225 1492 2268 Et
1510 2221 1664 2268 statim
1684 2222 1816 2285 quasi

402 2317 486 2364 per
520 2301 727 2364 aliquam
765 2317 994 2347 venarum
1034 2299 1394 2364 dispositionem
1426 2297 1603 2343 humor
1637 2313 1665 2343 a
1695 2307 1819 2345 terra

403 2395 709 2441 consurgens,
743 2395 828 2443 per
853 2388 978 2424 totos
1000 2377 1184 2424 arboris
1212 2374 1382 2440 patulae
1407 2391 1564 2422 ramos
1594 2374 1729 2422 uberi
1756 2376 1817 2421 ir-

403 2455 630 2518 rigatione
669 2454 968 2515 diffunditur,
995 2454 1251 2517 laxansque
1275 2452 1430 2499 nodos
1466 2461 1668 2512 arentes,
1705 2468 1817 2517 pro-

406 2532 735 2596 rumpentibus
754 2531 893 2590 foliis,
919 2531 1138 2578 revixisse
1162 2529 1221 2577 ab
1248 2529 1512 2576 astantibus
1538 2539 1606 2576 est
1631 2530 1815 2576 mirata.

403 2611 567 2672 Magna
594 2609 721 2656 enim
745 2607 809 2655 illi
835 2608 919 2655 fuit
941 2608 1085 2654 virtus
1104 2624 1158 2654 ac
1181 2607 1497 2670 eleemosyna,
1520 2606 1584 2653 ita
1606 2616 1675 2665 ut,
1699 2607 1815 2653 sicut

403 2686 622 2750 superius
639 2686 818 2733 dictum
848 2695 933 2745 est,
961 2686 1007 2731 in
1029 2684 1251 2731 domibus
1272 2684 1367 2731 suis
1390 2683 1609 2731 ecclesias
1626 2682 1814 2739 faceret,

405 2780 458 2810 ac
483 2763 720 2811 facultates
745 2780 852 2811 suas
878 2764 924 2810 in
949 2762 1081 2810 cibos
1103 2778 1364 2827 pauperum
1388 2771 1619 2826 erogaret.
1649 2764 1698 2808 ln
1725 2776 1816 2807 uua
