<?xml version="1.0" encoding="UTF-8"?>
<!DOCTYPE html PUBLIC "-//W3C//DTD XHTML 1.0 Transitional//EN"
    "http://www.w3.org/TR/xhtml1/DTD/xhtml1-transitional.dtd">
<html xmlns="http://www.w3.org/1999/xhtml" xml:lang="en" lang="en">
 <head>
  <title>
</title>
<meta http-equiv="Content-Type" content="text/html;charset=utf-8" />
  <meta name='ocr-system' content='tesseract 3.04.00' />
  <meta name='ocr-capabilities' content='ocr_page ocr_carea ocr_par ocr_line ocrx_word'/>
</head>
<body>
  <div class='ocr_page' id='page_1' title='image "./leslivresdesmira02greguoft_0062.png"; bbox 0 0 2028 3458; ppageno 0'>
   <div class='ocr_carea' id='block_1_1' title="bbox 472 238 1659 291">
    <p class='ocr_par' dir='ltr' id='par_1_1' title="bbox 472 238 1659 291">
     <span class='ocr_line' id='line_1_1' title="bbox 472 238 1659 291; baseline -0.006 0"><span class='ocrx_word' id='word_1_1' title='bbox 472 254 520 291; x_wconf 71' lang='lat'>46</span> <span class='ocrx_word' id='word_1_2' title='bbox 686 254 752 290; x_wconf 83' lang='lat' dir='ltr'>DE</span> <span class='ocrx_word' id='word_1_3' title='bbox 775 238 1071 289; x_wconf 58' lang='lat' dir='ltr'>‘vm‘ru&#39;rmus</span> <span class='ocrx_word' id='word_1_4' title='bbox 1100 248 1276 286; x_wconf 76' lang='lat' dir='ltr'>SANcn</span> <span class='ocrx_word' id='word_1_5' title='bbox 1303 248 1531 286; x_wconf 64' lang='lat' dir='ltr'>numm.</span> <span class='ocrx_word' id='word_1_6' title='bbox 1554 268 1609 275; x_wconf 89' lang='lat'><strong>—</strong></span> <span class='ocrx_word' id='word_1_7' title='bbox 1627 248 1659 284; x_wconf 92' lang='lat'>1.</span> 
     </span>
    </p>
   </div>
   <div class='ocr_carea' id='block_1_2' title="bbox 465 336 1896 1257">
    <p class='ocr_par' dir='ltr' id='par_1_2' title="bbox 465 336 1896 1257">
     <span class='ocr_line' id='line_1_2' title="bbox 470 336 1886 403; baseline -0.006 -13"><span class='ocrx_word' id='word_1_8' title='bbox 470 342 621 390; x_wconf 89' lang='lat' dir='ltr'>sancti</span> <span class='ocrx_word' id='word_1_9' title='bbox 655 340 929 388; x_wconf 90' lang='lat' dir='ltr'>occurrerit.</span> <span class='ocrx_word' id='word_1_10' title='bbox 970 337 1247 403; x_wconf 85' lang='lat' dir='ltr'><strong>Respondit,</strong></span> <span class='ocrx_word' id='word_1_11' title='bbox 1279 336 1412 401; x_wconf 93' lang='lat' dir='ltr'>quod</span> <span class='ocrx_word' id='word_1_12' title='bbox 1434 353 1492 385; x_wconf 89' lang='lat' dir='ltr'>ea</span> <span class='ocrx_word' id='word_1_13' title='bbox 1522 352 1619 401; x_wconf 94' lang='lat' dir='ltr'>qua</span> <span class='ocrx_word' id='word_1_14' title='bbox 1654 351 1798 401; x_wconf 90' lang='lat' dir='ltr'>super</span> <span class='ocrx_word' id='word_1_15' title='bbox 1836 351 1886 381; x_wconf 92' lang='lat' dir='ltr'>se</span> 
     </span>
     <span class='ocr_line' id='line_1_3' title="bbox 470 411 1885 486; baseline -0.007 -18"><span class='ocrx_word' id='word_1_16' title='bbox 470 421 573 486; x_wconf 89' lang='lat' dir='ltr'>ipso</span> <span class='ocrx_word' id='word_1_17' title='bbox 595 430 812 485; x_wconf 91' lang='lat' dir='ltr'>tempore</span> <span class='ocrx_word' id='word_1_18' title='bbox 829 416 1068 464; x_wconf 84' lang='lat' dir='ltr'>utebatur.</span> <span class='ocrx_word' id='word_1_19' title='bbox 1086 418 1217 463; x_wconf 92' lang='lat' dir='ltr'>Tunc</span> <span class='ocrx_word' id='word_1_20' title='bbox 1240 414 1496 463; x_wconf 87' lang='lat' dir='ltr'>abscissam</span> <span class='ocrx_word' id='word_1_21' title='bbox 1518 413 1722 462; x_wconf 87' lang='lat' dir='ltr'>fideliter</span> <span class='ocrx_word' id='word_1_22' title='bbox 1743 411 1885 460; x_wconf 93' lang='lat' dir='ltr'>indu-</span> 
     </span>
     <span class='ocr_line' id='line_1_4' title="bbox 471 494 1887 562; baseline -0.005 -17"><span class='ocrx_word' id='word_1_23' title='bbox 471 499 618 545; x_wconf 85' lang='lat' dir='ltr'>menti</span> <span class='ocrx_word' id='word_1_24' title='bbox 645 495 923 562; x_wconf 84' lang='lat' dir='ltr'><strong>particulam</strong></span> <span class='ocrx_word' id='word_1_25' title='bbox 954 494 1183 558; x_wconf 86' lang='lat' dir='ltr'>imposuit</span> <span class='ocrx_word' id='word_1_26' title='bbox 1215 510 1358 559; x_wconf 89' lang='lat' dir='ltr'>super</span> <span class='ocrx_word' id='word_1_27' title='bbox 1391 494 1651 559; x_wconf 85' lang='lat' dir='ltr'>pustulam.</span> <span class='ocrx_word' id='word_1_28' title='bbox 1695 495 1804 540; x_wconf 81' lang='lat' dir='ltr'>Mox</span> <span class='ocrx_word' id='word_1_29' title='bbox 1833 500 1887 537; x_wconf 91' lang='lat' dir='ltr'>ut</span> 
     </span>
     <span class='ocr_line' id='line_1_5' title="bbox 471 570 1888 640; baseline -0.005 -17"><span class='ocrx_word' id='word_1_30' title='bbox 471 576 579 640; x_wconf 82' lang='lat' dir='ltr'>aegri</span> <span class='ocrx_word' id='word_1_31' title='bbox 602 573 818 637; x_wconf 79' lang='lat' dir='ltr'>membra</span> <span class='ocrx_word' id='word_1_32' title='bbox 847 572 1015 636; x_wconf 87' lang='lat' dir='ltr'>tetigit,</span> <span class='ocrx_word' id='word_1_33' title='bbox 1040 571 1215 618; x_wconf 87' lang='lat' dir='ltr'>vulnus</span> <span class='ocrx_word' id='word_1_34' title='bbox 1236 570 1437 636; x_wconf 86' lang='lat' dir='ltr'>pustulae</span> <span class='ocrx_word' id='word_1_35' title='bbox 1458 571 1632 618; x_wconf 87' lang='lat' dir='ltr'>veneni</span> <span class='ocrx_word' id='word_1_36' title='bbox 1656 570 1756 617; x_wconf 86' lang='lat' dir='ltr'>vim</span> <span class='ocrx_word' id='word_1_37' title='bbox 1781 585 1888 634; x_wconf 89' lang='lat' dir='ltr'>per-</span> 
     </span>
     <span class='ocr_line' id='line_1_6' title="bbox 471 645 1889 715; baseline -0.006 -16"><span class='ocrx_word' id='word_1_38' title='bbox 471 652 617 699; x_wconf 86' lang='lat' dir='ltr'>didit:</span> <span class='ocrx_word' id='word_1_39' title='bbox 639 659 742 715; x_wconf 83' lang='lat' dir='ltr'>quae</span> <span class='ocrx_word' id='word_1_40' title='bbox 757 648 1177 705; x_wconf 85' lang='lat' dir='ltr'>talimedicamine</span> <span class='ocrx_word' id='word_1_41' title='bbox 1200 658 1247 695; x_wconf 89' lang='lat' dir='ltr'>et</span> <span class='ocrx_word' id='word_1_42' title='bbox 1268 648 1491 695; x_wconf 88' lang='lat' dir='ltr'>virtutem</span> <span class='ocrx_word' id='word_1_43' title='bbox 1510 647 1659 695; x_wconf 87' lang='lat' dir='ltr'>sancti</span> <span class='ocrx_word' id='word_1_44' title='bbox 1672 645 1889 712; x_wconf 90' lang='lat' dir='ltr'>protulit,</span> 
     </span>
     <span class='ocr_line' id='line_1_7' title="bbox 471 725 1892 791; baseline -0.004 -15"><span class='ocrx_word' id='word_1_45' title='bbox 471 740 517 777; x_wconf 88' lang='lat' dir='ltr'>et</span> <span class='ocrx_word' id='word_1_46' title='bbox 538 727 782 776; x_wconf 79' lang='lat' dir='ltr'>infirmum</span> <span class='ocrx_word' id='word_1_47' title='bbox 802 727 946 774; x_wconf 79' lang='lat' dir='ltr'>refert</span> <span class='ocrx_word' id='word_1_48' title='bbox 967 726 1278 774; x_wconf 90' lang='lat' dir='ltr'>incolumem.</span> <span class='ocrx_word' id='word_1_49' title='bbox 1301 729 1434 773; x_wconf 91' lang='lat' dir='ltr'>Hanc</span> <span class='ocrx_word' id='word_1_50' title='bbox 1455 725 1586 791; x_wconf 89' lang='lat' dir='ltr'>apud</span> <span class='ocrx_word' id='word_1_51' title='bbox 1609 725 1752 772; x_wconf 89' lang='lat' dir='ltr'>Italos</span> <span class='ocrx_word' id='word_1_52' title='bbox 1770 740 1892 771; x_wconf 86' lang='lat' dir='ltr'>asse-</span> 
     </span>
     <span class='ocr_line' id='line_1_8' title="bbox 471 803 1893 871; baseline -0.003 -18"><span class='ocrx_word' id='word_1_53' title='bbox 471 823 578 854; x_wconf 91' lang='lat' dir='ltr'>rens</span> <span class='ocrx_word' id='word_1_54' title='bbox 593 806 846 871; x_wconf 73' lang='lat' dir='ltr'>specialem</span> <span class='ocrx_word' id='word_1_55' title='bbox 860 806 1019 869; x_wconf 87' lang='lat' dir='ltr'>vigere</span> <span class='ocrx_word' id='word_1_56' title='bbox 1038 803 1294 862; x_wconf 90' lang='lat' dir='ltr'>medelam,</span> <span class='ocrx_word' id='word_1_57' title='bbox 1312 813 1365 851; x_wconf 92' lang='lat' dir='ltr'>ut</span> <span class='ocrx_word' id='word_1_58' title='bbox 1384 804 1424 851; x_wconf 92' lang='lat' dir='ltr'>si</span> <span class='ocrx_word' id='word_1_59' title='bbox 1447 804 1555 868; x_wconf 90' lang='lat' dir='ltr'>quis</span> <span class='ocrx_word' id='word_1_60' title='bbox 1570 804 1768 868; x_wconf 75' lang='lat' dir='ltr'>pustulae</span> <span class='ocrx_word' id='word_1_61' title='bbox 1787 819 1893 867; x_wconf 89' lang='lat' dir='ltr'>per-</span> 
     </span>
     <span class='ocr_line' id='line_1_9' title="bbox 471 880 1892 948; baseline -0.003 -18"><span class='ocrx_word' id='word_1_62' title='bbox 471 884 674 931; x_wconf 89' lang='lat' dir='ltr'>cutiatur</span> <span class='ocrx_word' id='word_1_63' title='bbox 705 882 919 942; x_wconf 87' lang='lat' dir='ltr'>vulnere,</span> <span class='ocrx_word' id='word_1_64' title='bbox 954 881 1018 929; x_wconf 94' lang='lat' dir='ltr'>ad</span> <span class='ocrx_word' id='word_1_65' title='bbox 1052 882 1384 948; x_wconf 89' lang='lat' dir='ltr'>propinquum</span> <span class='ocrx_word' id='word_1_66' title='bbox 1419 880 1554 946; x_wconf 87' lang='lat' dir='ltr'>quod</span> <span class='ocrx_word' id='word_1_67' title='bbox 1591 881 1734 927; x_wconf 89' lang='lat' dir='ltr'>suerit</span> <span class='ocrx_word' id='word_1_68' title='bbox 1767 880 1892 927; x_wconf 88' lang='lat' dir='ltr'>beati</span> 
     </span>
     <span class='ocr_line' id='line_1_10' title="bbox 471 957 1893 1024; baseline -0.002 -17"><span class='ocrx_word' id='word_1_69' title='bbox 471 960 657 1007; x_wconf 91' lang='lat' dir='ltr'>Martini</span> <span class='ocrx_word' id='word_1_70' title='bbox 677 960 941 1007; x_wconf 91' lang='lat' dir='ltr'>oratorium</span> <span class='ocrx_word' id='word_1_71' title='bbox 962 959 1195 1008; x_wconf 84' lang='lat' dir='ltr'>habeatur</span> <span class='ocrx_word' id='word_1_72' title='bbox 1210 959 1481 1024; x_wconf 86' lang='lat' dir='ltr'>perfugium</span> <span class='ocrx_word' id='word_1_73' title='bbox 1494 996 1506 1020; x_wconf 89' lang='lat'>,</span> <span class='ocrx_word' id='word_1_74' title='bbox 1533 967 1580 1005; x_wconf 89' lang='lat' dir='ltr'>et</span> <span class='ocrx_word' id='word_1_75' title='bbox 1602 967 1684 1004; x_wconf 88' lang='lat' dir='ltr'>aut</span> <span class='ocrx_word' id='word_1_76' title='bbox 1705 973 1764 1005; x_wconf 85' lang='lat' dir='ltr'>ex</span> <span class='ocrx_word' id='word_1_77' title='bbox 1785 957 1893 1004; x_wconf 85' lang='lat' dir='ltr'>velo</span> 
     </span>
     <span class='ocr_line' id='line_1_11' title="bbox 465 1034 1896 1103; baseline -0.003 -18"><span class='ocrx_word' id='word_1_78' title='bbox 465 1038 638 1102; x_wconf 82' lang='lat' dir='ltr'>januae,</span> <span class='ocrx_word' id='word_1_79' title='bbox 665 1047 746 1085; x_wconf 90' lang='lat' dir='ltr'>aut</span> <span class='ocrx_word' id='word_1_80' title='bbox 769 1037 972 1103; x_wconf 90' lang='lat' dir='ltr'>palliolis</span> <span class='ocrx_word' id='word_1_81' title='bbox 1001 1054 1106 1103; x_wconf 90' lang='lat' dir='ltr'>quae</span> <span class='ocrx_word' id='word_1_82' title='bbox 1126 1036 1339 1103; x_wconf 88' lang='lat' dir='ltr'>pendent</span> <span class='ocrx_word' id='word_1_83' title='bbox 1362 1036 1423 1085; x_wconf 93' lang='lat' dir='ltr'>de</span> <span class='ocrx_word' id='word_1_84' title='bbox 1446 1035 1723 1102; x_wconf 90' lang='lat' dir='ltr'>parietibus,</span> <span class='ocrx_word' id='word_1_85' title='bbox 1753 1034 1896 1099; x_wconf 92' lang='lat' dir='ltr'>quid—</span> 
     </span>
     <span class='ocr_line' id='line_1_12' title="bbox 470 1114 1895 1181; baseline -0.003 -18"><span class='ocrx_word' id='word_1_86' title='bbox 470 1115 586 1180; x_wconf 89' lang='lat' dir='ltr'>quid</span> <span class='ocrx_word' id='word_1_87' title='bbox 631 1116 840 1181; x_wconf 91' lang='lat' dir='ltr'>primum</span> <span class='ocrx_word' id='word_1_88' title='bbox 885 1125 1078 1181; x_wconf 88' lang='lat' dir='ltr'>raptum</span> <span class='ocrx_word' id='word_1_89' title='bbox 1115 1116 1272 1176; x_wconf 88' lang='lat' dir='ltr'>fuerit,</span> <span class='ocrx_word' id='word_1_90' title='bbox 1305 1115 1344 1162; x_wconf 93' lang='lat' dir='ltr'>si</span> <span class='ocrx_word' id='word_1_91' title='bbox 1377 1132 1502 1179; x_wconf 85' lang='lat' dir='ltr'>aegro</span> <span class='ocrx_word' id='word_1_92' title='bbox 1540 1114 1895 1180; x_wconf 89' lang='lat' dir='ltr'>superpositum</span> 
     </span>
     <span class='ocr_line' id='line_1_13' title="bbox 473 1192 1896 1257; baseline -0.002 -18"><span class='ocrx_word' id='word_1_93' title='bbox 473 1192 737 1251; x_wconf 82' lang='lat' dir='ltr'>adhaeserit,</span> <span class='ocrx_word' id='word_1_94' title='bbox 763 1192 816 1240; x_wconf 90' lang='lat' dir='ltr'>fit</span> <span class='ocrx_word' id='word_1_95' title='bbox 843 1193 1051 1241; x_wconf 90' lang='lat' dir='ltr'>salubre.</span> <span class='ocrx_word' id='word_1_96' title='bbox 1086 1195 1196 1240; x_wconf 84' lang='lat' dir='ltr'>Haec</span> <span class='ocrx_word' id='word_1_97' title='bbox 1235 1192 1424 1241; x_wconf 89' lang='lat' dir='ltr'>medela</span> <span class='ocrx_word' id='word_1_98' title='bbox 1456 1193 1722 1257; x_wconf 86' lang='lat' dir='ltr'>genitorem</span> <span class='ocrx_word' id='word_1_99' title='bbox 1754 1206 1896 1237; x_wconf 90' lang='lat' dir='ltr'>suum</span> 
     </span>
    </p>
   </div>
   <div class='ocr_carea' id='block_1_3' title="bbox 473 1267 1898 1410">
    <p class='ocr_par' dir='ltr' id='par_1_3' title="bbox 473 1267 1898 1410">
     <span class='ocr_line' id='line_1_14' title="bbox 473 1267 1898 1336; baseline -0.001 -21"><span class='ocrx_word' id='word_1_100' title='bbox 473 1269 711 1316; x_wconf 88' lang='lat' dir='ltr'>carnalem</span> <span class='ocrx_word' id='word_1_101' title='bbox 735 1268 796 1316; x_wconf 89' lang='lat' dir='ltr'>ab</span> <span class='ocrx_word' id='word_1_102' title='bbox 820 1270 1018 1318; x_wconf 91' lang='lat' dir='ltr'>interitu</span> <span class='ocrx_word' id='word_1_103' title='bbox 1046 1270 1264 1336; x_wconf 82' lang='lat' dir='ltr'>pustulae,</span> <span class='ocrx_word' id='word_1_104' title='bbox 1290 1279 1345 1318; x_wconf 91' lang='lat' dir='ltr'>ut</span> <span class='ocrx_word' id='word_1_105' title='bbox 1371 1270 1474 1336; x_wconf 92' lang='lat' dir='ltr'>ipse</span> <span class='ocrx_word' id='word_1_106' title='bbox 1499 1269 1648 1334; x_wconf 89' lang='lat' dir='ltr'>patris</span> <span class='ocrx_word' id='word_1_107' title='bbox 1671 1268 1745 1315; x_wconf 93' lang='lat' dir='ltr'>sui</span> <span class='ocrx_word' id='word_1_108' title='bbox 1767 1267 1898 1314; x_wconf 90' lang='lat' dir='ltr'>testis</span> 
     </span>
     <span class='ocr_line' id='line_1_15' title="bbox 475 1347 912 1410; baseline 0.005 -16"><span class='ocrx_word' id='word_1_109' title='bbox 475 1349 652 1410; x_wconf 91' lang='lat' dir='ltr'>asserit,</span> <span class='ocrx_word' id='word_1_110' title='bbox 675 1347 912 1396; x_wconf 84' lang='lat' dir='ltr'>liberavit.</span> 
     </span>
    </p>
   </div>
   <div class='ocr_carea' id='block_1_4' title="bbox 1038 1465 1323 1500">
    <p class='ocr_par' dir='ltr' id='par_1_4' title="bbox 1038 1465 1323 1500">
     <span class='ocr_line' id='line_1_16' title="bbox 1038 1465 1323 1500; baseline 0 0"><span class='ocrx_word' id='word_1_111' title='bbox 1038 1465 1196 1500; x_wconf 79' lang='lat' dir='ltr'>CAPUT</span> <span class='ocrx_word' id='word_1_112' title='bbox 1221 1466 1323 1500; x_wconf 78' lang='lat' dir='ltr'>xlv,</span> 
     </span>
    </p>
   </div>
   <div class='ocr_carea' id='block_1_5' title="bbox 852 1558 1515 1602">
    <p class='ocr_par' dir='ltr' id='par_1_5' title="bbox 852 1558 1515 1602">
     <span class='ocr_line' id='line_1_17' title="bbox 852 1558 1515 1602; baseline 0.002 -10"><span class='ocrx_word' id='word_1_113' title='bbox 852 1559 904 1592; x_wconf 90' lang='lat' dir='ltr'>De</span> <span class='ocrx_word' id='word_1_114' title='bbox 920 1558 1061 1593; x_wconf 84' lang='lat' dir='ltr'>castello</span> <span class='ocrx_word' id='word_1_115' title='bbox 1079 1559 1202 1602; x_wconf 65' lang='lat' dir='ltr'>ltalia,</span> <span class='ocrx_word' id='word_1_116' title='bbox 1217 1559 1341 1594; x_wconf 87' lang='lat' dir='ltr'>Tertio</span> <span class='ocrx_word' id='word_1_117' title='bbox 1356 1558 1515 1593; x_wconf 85' lang='lat' dir='ltr'>nomine.</span> 
     </span>
    </p>
   </div>
   <div class='ocr_carea' id='block_1_6' title="bbox 477 1655 1910 2656">
    <p class='ocr_par' dir='ltr' id='par_1_6' title="bbox 477 1655 1910 2656">
     <span class='ocr_line' id='line_1_18' title="bbox 543 1655 1900 1717; baseline -0.001 -15"><span class='ocrx_word' id='word_1_118' title='bbox 543 1655 673 1703; x_wconf 84' lang='lat' dir='ltr'>Idem</span> <span class='ocrx_word' id='word_1_119' title='bbox 702 1655 777 1702; x_wconf 91' lang='lat' dir='ltr'>his</span> <span class='ocrx_word' id='word_1_120' title='bbox 810 1655 968 1703; x_wconf 84' lang='lat' dir='ltr'>verbis</span> <span class='ocrx_word' id='word_1_121' title='bbox 990 1657 1168 1717; x_wconf 86' lang='lat' dir='ltr'>retulit,</span> <span class='ocrx_word' id='word_1_122' title='bbox 1195 1658 1245 1704; x_wconf 93' lang='lat' dir='ltr'>in</span> <span class='ocrx_word' id='word_1_123' title='bbox 1269 1657 1519 1704; x_wconf 88' lang='lat' dir='ltr'>cacumine</span> <span class='ocrx_word' id='word_1_124' title='bbox 1541 1655 1719 1703; x_wconf 90' lang='lat' dir='ltr'>castelli</span> <span class='ocrx_word' id='word_1_125' title='bbox 1743 1655 1900 1717; x_wconf 86' lang='lat' dir='ltr'>regio-</span> 
     </span>
     <span class='ocr_line' id='line_1_19' title="bbox 477 1732 1902 1797; baseline -0.001 -18"><span class='ocrx_word' id='word_1_126' title='bbox 477 1733 549 1780; x_wconf 90' lang='lat' dir='ltr'>nis</span> <span class='ocrx_word' id='word_1_127' title='bbox 571 1733 728 1793; x_wconf 80' lang='lat' dir='ltr'>ltaliae,</span> <span class='ocrx_word' id='word_1_128' title='bbox 746 1732 880 1797; x_wconf 94' lang='lat' dir='ltr'>quod</span> <span class='ocrx_word' id='word_1_129' title='bbox 904 1733 1079 1781; x_wconf 89' lang='lat' dir='ltr'>dicitur</span> <span class='ocrx_word' id='word_1_130' title='bbox 1094 1736 1324 1797; x_wconf 87' lang='lat' dir='ltr'>Tertium,</span> <span class='ocrx_word' id='word_1_131' title='bbox 1345 1734 1609 1782; x_wconf 90' lang='lat' dir='ltr'>oratorium</span> <span class='ocrx_word' id='word_1_132' title='bbox 1627 1732 1755 1781; x_wconf 90' lang='lat' dir='ltr'>beati</span> <span class='ocrx_word' id='word_1_133' title='bbox 1778 1735 1902 1779; x_wconf 87' lang='lat' dir='ltr'>Mar-</span> 
     </span>
     <span class='ocr_line' id='line_1_20' title="bbox 478 1811 1900 1877; baseline -0.001 -19"><span class='ocrx_word' id='word_1_134' title='bbox 478 1812 562 1858; x_wconf 90' lang='lat' dir='ltr'>tini</span> <span class='ocrx_word' id='word_1_135' title='bbox 590 1811 843 1859; x_wconf 89' lang='lat' dir='ltr'>fundatum</span> <span class='ocrx_word' id='word_1_136' title='bbox 863 1822 959 1872; x_wconf 91' lang='lat' dir='ltr'>est;</span> <span class='ocrx_word' id='word_1_137' title='bbox 987 1812 1149 1877; x_wconf 85' lang='lat' dir='ltr'>ibique</span> <span class='ocrx_word' id='word_1_138' title='bbox 1180 1814 1298 1860; x_wconf 89' lang='lat' dir='ltr'>turri</span> <span class='ocrx_word' id='word_1_139' title='bbox 1321 1813 1504 1873; x_wconf 76' lang='lat' dir='ltr'>vicinae,</span> <span class='ocrx_word' id='word_1_140' title='bbox 1527 1812 1716 1877; x_wconf 81' lang='lat' dir='ltr'>quoties</span> <span class='ocrx_word' id='word_1_141' title='bbox 1740 1812 1900 1858; x_wconf 89' lang='lat' dir='ltr'>incur·</span> 
     </span>
     <span class='ocr_line' id='line_1_21' title="bbox 478 1888 1903 1956; baseline -0.001 -20"><span class='ocrx_word' id='word_1_142' title='bbox 478 1890 611 1936; x_wconf 91' lang='lat' dir='ltr'>sione</span> <span class='ocrx_word' id='word_1_143' title='bbox 632 1888 949 1937; x_wconf 89' lang='lat' dir='ltr'>barbarorum</span> <span class='ocrx_word' id='word_1_144' title='bbox 982 1907 1070 1956; x_wconf 90' lang='lat' dir='ltr'>per</span> <span class='ocrx_word' id='word_1_145' title='bbox 1094 1890 1309 1937; x_wconf 80' lang='lat' dir='ltr'>fraudem</span> <span class='ocrx_word' id='word_1_146' title='bbox 1331 1890 1483 1938; x_wconf 89' lang='lat' dir='ltr'>hostis</span> <span class='ocrx_word' id='word_1_147' title='bbox 1506 1889 1754 1937; x_wconf 85' lang='lat' dir='ltr'>accederet</span> <span class='ocrx_word' id='word_1_148' title='bbox 1775 1905 1903 1935; x_wconf 91' lang='lat' dir='ltr'>noc—</span> 
     </span>
     <span class='ocr_line' id='line_1_22' title="bbox 479 1967 1902 2033; baseline -0.001 -19"><span class='ocrx_word' id='word_1_149' title='bbox 479 1968 631 2015; x_wconf 87' lang='lat' dir='ltr'>turnis</span> <span class='ocrx_word' id='word_1_150' title='bbox 664 1967 872 2030; x_wconf 88' lang='lat' dir='ltr'>insidiis,</span> <span class='ocrx_word' id='word_1_151' title='bbox 901 1969 1115 2033; x_wconf 90' lang='lat' dir='ltr'>quisquis</span> <span class='ocrx_word' id='word_1_152' title='bbox 1153 1969 1214 2016; x_wconf 92' lang='lat' dir='ltr'>de</span> <span class='ocrx_word' id='word_1_153' title='bbox 1239 1969 1542 2033; x_wconf 81' lang='lat' dir='ltr'>vigilantibus</span> <span class='ocrx_word' id='word_1_154' title='bbox 1578 1967 1822 2015; x_wconf 86' lang='lat' dir='ltr'>habuisset</span> <span class='ocrx_word' id='word_1_155' title='bbox 1853 1968 1902 2013; x_wconf 91' lang='lat' dir='ltr'>in</span> 
     </span>
     <span class='ocr_line' id='line_1_23' title="bbox 480 2041 1904 2109; baseline 0 -21"><span class='ocrx_word' id='word_1_156' title='bbox 480 2051 610 2090; x_wconf 87' lang='lat' dir='ltr'>turre</span> <span class='ocrx_word' id='word_1_157' title='bbox 626 2043 858 2105; x_wconf 87' lang='lat' dir='ltr'>lanceam,</span> <span class='ocrx_word' id='word_1_158' title='bbox 884 2054 965 2090; x_wconf 86' lang='lat' dir='ltr'>aut</span> <span class='ocrx_word' id='word_1_159' title='bbox 988 2054 1192 2109; x_wconf 88' lang='lat' dir='ltr'>spatam,</span> <span class='ocrx_word' id='word_1_160' title='bbox 1216 2043 1293 2092; x_wconf 85' lang='lat' dir='ltr'>vel</span> <span class='ocrx_word' id='word_1_161' title='bbox 1316 2044 1577 2104; x_wconf 90' lang='lat' dir='ltr'>cultellum,</span> <span class='ocrx_word' id='word_1_162' title='bbox 1596 2060 1679 2090; x_wconf 92' lang='lat' dir='ltr'>seu</span> <span class='ocrx_word' id='word_1_163' title='bbox 1701 2041 1904 2107; x_wconf 80' lang='lat' dir='ltr'>grafium</span> 
     </span>
     <span class='ocr_line' id='line_1_24' title="bbox 481 2118 1905 2188; baseline 0.001 -23"><span class='ocrx_word' id='word_1_164' title='bbox 481 2118 752 2185; x_wconf 87' lang='lat' dir='ltr'>protulisset</span> <span class='ocrx_word' id='word_1_165' title='bbox 793 2137 851 2167; x_wconf 86' lang='lat' dir='ltr'>ex</span> <span class='ocrx_word' id='word_1_166' title='bbox 894 2120 1032 2169; x_wconf 88' lang='lat' dir='ltr'>theca</span> <span class='ocrx_word' id='word_1_167' title='bbox 1053 2159 1064 2182; x_wconf 93' lang='lat'>,</span> <span class='ocrx_word' id='word_1_168' title='bbox 1120 2122 1215 2170; x_wconf 90' lang='lat' dir='ltr'>sere</span> <span class='ocrx_word' id='word_1_169' title='bbox 1254 2139 1340 2188; x_wconf 91' lang='lat' dir='ltr'>per</span> <span class='ocrx_word' id='word_1_170' title='bbox 1381 2122 1513 2168; x_wconf 86' lang='lat' dir='ltr'>horae</span> <span class='ocrx_word' id='word_1_171' title='bbox 1563 2121 1769 2187; x_wconf 88' lang='lat' dir='ltr'>spatium</span> <span class='ocrx_word' id='word_1_172' title='bbox 1813 2120 1905 2166; x_wconf 89' lang='lat' dir='ltr'>tale</span> 
     </span>
     <span class='ocr_line' id='line_1_25' title="bbox 481 2196 1907 2266; baseline 0.001 -23"><span class='ocrx_word' id='word_1_173' title='bbox 481 2196 644 2244; x_wconf 91' lang='lat' dir='ltr'>lumen</span> <span class='ocrx_word' id='word_1_174' title='bbox 659 2197 948 2246; x_wconf 83' lang='lat' dir='ltr'>reddebatur</span> <span class='ocrx_word' id='word_1_175' title='bbox 962 2217 1017 2247; x_wconf 86' lang='lat' dir='ltr'>ex</span> <span class='ocrx_word' id='word_1_176' title='bbox 1041 2201 1265 2249; x_wconf 89' lang='lat' dir='ltr'>universo</span> <span class='ocrx_word' id='word_1_177' title='bbox 1283 2199 1459 2266; x_wconf 88' lang='lat' dir='ltr'>gladio,</span> <span class='ocrx_word' id='word_1_178' title='bbox 1480 2210 1709 2263; x_wconf 86' lang='lat' dir='ltr'>tanquam</span> <span class='ocrx_word' id='word_1_179' title='bbox 1728 2198 1767 2246; x_wconf 91' lang='lat' dir='ltr'>si</span> <span class='ocrx_word' id='word_1_180' title='bbox 1788 2197 1907 2244; x_wconf 92' lang='lat' dir='ltr'>illud</span> 
     </span>
     <span class='ocr_line' id='line_1_26' title="bbox 483 2273 1906 2342; baseline 0.001 -22"><span class='ocrx_word' id='word_1_181' title='bbox 483 2273 660 2321; x_wconf 86' lang='lat' dir='ltr'>ferrum</span> <span class='ocrx_word' id='word_1_182' title='bbox 688 2285 948 2324; x_wconf 88' lang='lat' dir='ltr'>verteretur</span> <span class='ocrx_word' id='word_1_183' title='bbox 981 2278 1030 2325; x_wconf 89' lang='lat' dir='ltr'>in</span> <span class='ocrx_word' id='word_1_184' title='bbox 1067 2295 1277 2326; x_wconf 89' lang='lat' dir='ltr'>cereum.</span> <span class='ocrx_word' id='word_1_185' title='bbox 1312 2281 1370 2325; x_wconf 93' lang='lat' dir='ltr'>Et</span> <span class='ocrx_word' id='word_1_186' title='bbox 1406 2295 1519 2324; x_wconf 85' lang='lat' dir='ltr'>mox</span> <span class='ocrx_word' id='word_1_187' title='bbox 1552 2287 1599 2324; x_wconf 92' lang='lat' dir='ltr'>et</span> <span class='ocrx_word' id='word_1_188' title='bbox 1633 2278 1738 2342; x_wconf 91' lang='lat' dir='ltr'>ipso</span> <span class='ocrx_word' id='word_1_189' title='bbox 1770 2276 1906 2340; x_wconf 87' lang='lat' dir='ltr'>signo</span> 
     </span>
     <span class='ocr_line' id='line_1_27' title="bbox 484 2353 1909 2421; baseline 0.001 -22"><span class='ocrx_word' id='word_1_190' title='bbox 484 2353 707 2401; x_wconf 88' lang='lat' dir='ltr'>custodes</span> <span class='ocrx_word' id='word_1_191' title='bbox 738 2354 989 2416; x_wconf 86' lang='lat' dir='ltr'>admoniti,</span> <span class='ocrx_word' id='word_1_192' title='bbox 1016 2358 1166 2421; x_wconf 88' lang='lat' dir='ltr'>magis</span> <span class='ocrx_word' id='word_1_193' title='bbox 1200 2357 1371 2405; x_wconf 92' lang='lat' dir='ltr'>intenti</span> <span class='ocrx_word' id='word_1_194' title='bbox 1393 2356 1582 2421; x_wconf 83' lang='lat' dir='ltr'>vigiliis,</span> <span class='ocrx_word' id='word_1_195' title='bbox 1601 2355 1764 2402; x_wconf 87' lang='lat' dir='ltr'>hostes</span> <span class='ocrx_word' id='word_1_196' title='bbox 1786 2354 1909 2401; x_wconf 87' lang='lat' dir='ltr'>late-</span> 
     </span>
     <span class='ocr_line' id='line_1_28' title="bbox 485 2428 1910 2500; baseline 0.001 -24"><span class='ocrx_word' id='word_1_197' title='bbox 485 2428 678 2478; x_wconf 87' lang='lat' dir='ltr'>brantes</span> <span class='ocrx_word' id='word_1_198' title='bbox 691 2431 928 2497; x_wconf 87' lang='lat' dir='ltr'>lapidibus</span> <span class='ocrx_word' id='word_1_199' title='bbox 941 2434 1274 2483; x_wconf 87' lang='lat' dir='ltr'>exturbabant.</span> <span class='ocrx_word' id='word_1_200' title='bbox 1290 2434 1436 2493; x_wconf 94' lang='lat' dir='ltr'>Quod</span> <span class='ocrx_word' id='word_1_201' title='bbox 1451 2452 1543 2500; x_wconf 91' lang='lat' dir='ltr'>ope</span> <span class='ocrx_word' id='word_1_202' title='bbox 1556 2434 1704 2482; x_wconf 89' lang='lat' dir='ltr'>sancti</span> <span class='ocrx_word' id='word_1_203' title='bbox 1719 2432 1910 2480; x_wconf 91' lang='lat' dir='ltr'>Martini</span> 
     </span>
     <span class='ocr_line' id='line_1_29' title="bbox 488 2508 1910 2577; baseline 0.002 -24"><span class='ocrx_word' id='word_1_204' title='bbox 488 2517 617 2555; x_wconf 82' lang='lat' dir='ltr'>recto</span> <span class='ocrx_word' id='word_1_205' title='bbox 638 2508 820 2572; x_wconf 88' lang='lat' dir='ltr'>judicio</span> <span class='ocrx_word' id='word_1_206' title='bbox 843 2522 1107 2577; x_wconf 89' lang='lat' dir='ltr'>reputatur,</span> <span class='ocrx_word' id='word_1_207' title='bbox 1137 2513 1219 2577; x_wconf 93' lang='lat' dir='ltr'>qui</span> <span class='ocrx_word' id='word_1_208' title='bbox 1239 2513 1477 2561; x_wconf 86' lang='lat' dir='ltr'>vicinitate</span> <span class='ocrx_word' id='word_1_209' title='bbox 1500 2529 1586 2560; x_wconf 90' lang='lat' dir='ltr'>sua</span> <span class='ocrx_word' id='word_1_210' title='bbox 1607 2511 1699 2559; x_wconf 90' lang='lat' dir='ltr'>sibi</span> <span class='ocrx_word' id='word_1_211' title='bbox 1725 2510 1910 2559; x_wconf 88' lang='lat' dir='ltr'>devotis</span> 
     </span>
     <span class='ocr_line' id='line_1_30' title="bbox 486 2584 1905 2656; baseline 0.003 -26"><span class='ocrx_word' id='word_1_212' title='bbox 486 2584 677 2651; x_wconf 86' lang='lat' dir='ltr'>populis</span> <span class='ocrx_word' id='word_1_213' title='bbox 711 2586 923 2634; x_wconf 91' lang='lat' dir='ltr'>sedulam</span> <span class='ocrx_word' id='word_1_214' title='bbox 958 2589 1173 2637; x_wconf 86' lang='lat' dir='ltr'>exhibuit</span> <span class='ocrx_word' id='word_1_215' title='bbox 1210 2600 1587 2656; x_wconf 72' lang='lat' dir='ltr'>praesentemque</span> <span class='ocrx_word' id='word_1_216' title='bbox 1619 2589 1905 2636; x_wconf 87' lang='lat' dir='ltr'>custodiam.</span> 
     </span>
    </p>
   </div>
   <div class='ocr_carea' id='block_1_7' title="bbox 490 2662 1911 2802">
    <p class='ocr_par' dir='ltr' id='par_1_7' title="bbox 490 2662 1911 2802">
     <span class='ocr_line' id='line_1_31' title="bbox 490 2662 1911 2733; baseline 0.004 -26"><span class='ocrx_word' id='word_1_217' title='bbox 490 2663 547 2708; x_wconf 90' lang='lat' dir='ltr'>Et</span> <span class='ocrx_word' id='word_1_218' title='bbox 581 2662 706 2711; x_wconf 90' lang='lat' dir='ltr'>hanc</span> <span class='ocrx_word' id='word_1_219' title='bbox 739 2665 963 2714; x_wconf 88' lang='lat' dir='ltr'>virtutem</span> <span class='ocrx_word' id='word_1_220' title='bbox 998 2684 1026 2715; x_wconf 90' lang='lat' dir='ltr'>a</span> <span class='ocrx_word' id='word_1_221' title='bbox 1057 2684 1201 2733; x_wconf 92' lang='lat' dir='ltr'>supra</span> <span class='ocrx_word' id='word_1_222' title='bbox 1237 2668 1369 2716; x_wconf 89' lang='lat' dir='ltr'>dicto</span> <span class='ocrx_word' id='word_1_223' title='bbox 1406 2668 1722 2733; x_wconf 78' lang='lat' dir='ltr'>cognovimus</span> <span class='ocrx_word' id='word_1_224' title='bbox 1766 2666 1911 2731; x_wconf 91' lang='lat' dir='ltr'>(For-</span> 
     </span>
     <span class='ocr_line' id='line_1_32' title="bbox 490 2741 699 2802; baseline 0.019 -18"><span class='ocrx_word' id='word_1_225' title='bbox 490 2741 699 2802; x_wconf 88' lang='lat' dir='ltr'>tunato.)</span> 
     </span>
    </p>
   </div>
  </div>
 </body>
</html>
