<?xml version="1.0" encoding="UTF-8"?>
<!DOCTYPE html PUBLIC "-//W3C//DTD XHTML 1.0 Transitional//EN"
    "http://www.w3.org/TR/xhtml1/DTD/xhtml1-transitional.dtd">
<html xmlns="http://www.w3.org/1999/xhtml" xml:lang="en" lang="en">
 <head>
  <title>
</title>
<meta http-equiv="Content-Type" content="text/html;charset=utf-8" />
  <meta name='ocr-system' content='tesseract 3.04.00' />
  <meta name='ocr-capabilities' content='ocr_page ocr_carea ocr_par ocr_line ocrx_word'/>
</head>
<body>
  <div class='ocr_page' id='page_1' title='image "./leslivresdesmira02greguoft_0088.png"; bbox 0 0 2028 3458; ppageno 0'>
   <div class='ocr_carea' id='block_1_1' title="bbox 340 323 1526 370">
    <p class='ocr_par' dir='ltr' id='par_1_1' title="bbox 340 323 1526 370">
     <span class='ocr_line' id='line_1_1' title="bbox 340 323 1526 370; baseline -0.008 0"><span class='ocrx_word' id='word_1_1' title='bbox 340 334 388 370; x_wconf 79' lang='lat'><strong>&#39;72</strong></span> <span class='ocrx_word' id='word_1_2' title='bbox 562 332 626 368; x_wconf 70' lang='lat' dir='ltr'><strong>DF.</strong></span> <span class='ocrx_word' id='word_1_3' title='bbox 657 328 945 367; x_wconf 82' lang='lat' dir='ltr'><strong>VlRTUTlssUS</strong></span> <span class='ocrx_word' id='word_1_4' title='bbox 973 327 1145 364; x_wconf 78' lang='lat' dir='ltr'><strong>SANCTt</strong></span> <span class='ocrx_word' id='word_1_5' title='bbox 1177 325 1400 362; x_wconf 76' lang='lat' dir='ltr'><strong>MAR&#39;rlNl.</strong></span> <span class='ocrx_word' id='word_1_6' title='bbox 1419 345 1468 351; x_wconf 95' lang='lat'>—</span> <span class='ocrx_word' id='word_1_7' title='bbox 1494 323 1526 360; x_wconf 83' lang='lat'><strong>1.</strong></span> 
     </span>
    </p>
   </div>
   <div class='ocr_carea' id='block_1_2' title="bbox 336 410 1766 1257">
    <p class='ocr_par' dir='ltr' id='par_1_2' title="bbox 336 410 1766 1257">
     <span class='ocr_line' id='line_1_2' title="bbox 336 410 1757 486; baseline -0.008 -18"><span class='ocrx_word' id='word_1_8' title='bbox 336 420 420 486; x_wconf 89' lang='lat' dir='ltr'><strong>qui</strong></span> <span class='ocrx_word' id='word_1_9' title='bbox 455 417 693 467; x_wconf 79' lang='lat' dir='ltr'><strong>haeredem</strong></span> <span class='ocrx_word' id='word_1_10' title='bbox 732 414 978 463; x_wconf 83' lang='lat' dir='ltr'>basilicam</span> <span class='ocrx_word' id='word_1_11' title='bbox 1009 413 1172 460; x_wconf 86' lang='lat' dir='ltr'>Sancti</span> <span class='ocrx_word' id='word_1_12' title='bbox 1223 410 1412 459; x_wconf 88' lang='lat' dir='ltr'><strong>Martini</strong></span> <span class='ocrx_word' id='word_1_13' title='bbox 1455 411 1724 458; x_wconf 82' lang='lat' dir='ltr'><strong>instituerat</strong></span> <span class='ocrx_word' id='word_1_14' title='bbox 1746 412 1757 435; x_wconf 86' lang='lat'><strong>¹</strong></span> 
     </span>
     <span class='ocr_line' id='line_1_3' title="bbox 337 487 1758 557; baseline -0.008 -11"><span class='ocrx_word' id='word_1_15' title='bbox 337 505 610 546; x_wconf 89' lang='lat' dir='ltr'><strong>commotus</strong></span> <span class='ocrx_word' id='word_1_16' title='bbox 630 494 691 542; x_wconf 86' lang='lat' dir='ltr'><strong>ab</strong></span> <span class='ocrx_word' id='word_1_17' title='bbox 716 509 774 541; x_wconf 91' lang='lat' dir='ltr'><strong>eo</strong></span> <span class='ocrx_word' id='word_1_18' title='bbox 795 508 879 557; x_wconf 84' lang='lat' dir='ltr'><strong>per</strong></span> <span class='ocrx_word' id='word_1_19' title='bbox 899 489 1112 538; x_wconf 88' lang='lat' dir='ltr'><strong>assiduas</strong></span> <span class='ocrx_word' id='word_1_20' title='bbox 1135 489 1331 553; x_wconf 88' lang='lat' dir='ltr'><strong>injurias</strong></span> <span class='ocrx_word' id='word_1_21' title='bbox 1353 488 1520 537; x_wconf 88' lang='lat' dir='ltr'><strong>beatus</strong></span> <span class='ocrx_word' id='word_1_22' title='bbox 1543 487 1758 554; x_wconf 85' lang='lat' dir='ltr'>pontifex</span> 
     </span>
     <span class='ocr_line' id='line_1_4' title="bbox 337 564 1758 638; baseline -0.008 -16"><span class='ocrx_word' id='word_1_23' title='bbox 337 573 517 638; x_wconf 89' lang='lat' dir='ltr'><strong>aliquid</strong></span> <span class='ocrx_word' id='word_1_24' title='bbox 541 573 584 619; x_wconf 92' lang='lat' dir='ltr'><strong>ei</strong></span> <span class='ocrx_word' id='word_1_25' title='bbox 606 571 666 618; x_wconf 94' lang='lat' dir='ltr'><strong>de</strong></span> <span class='ocrx_word' id='word_1_26' title='bbox 693 569 833 617; x_wconf 90' lang='lat' dir='ltr'><strong>rebus</strong></span> <span class='ocrx_word' id='word_1_27' title='bbox 866 567 956 615; x_wconf 92' lang='lat' dir='ltr'><strong>illis</strong></span> <span class='ocrx_word' id='word_1_28' title='bbox 990 565 1215 633; x_wconf 80' lang='lat' dir='ltr'><strong>reddidit.</strong></span> <span class='ocrx_word' id='word_1_29' title='bbox 1247 569 1471 613; x_wconf 85' lang='lat' dir='ltr'><strong>Portante</strong></span> <span class='ocrx_word' id='word_1_30' title='bbox 1494 575 1655 613; x_wconf 88' lang='lat' dir='ltr'><strong>autem</strong></span> <span class='ocrx_word' id='word_1_31' title='bbox 1677 564 1758 612; x_wconf 92' lang='lat' dir='ltr'><strong>illo</strong></span> 
     </span>
     <span class='ocr_line' id='line_1_5' title="bbox 338 642 1758 710; baseline -0.008 -11"><span class='ocrx_word' id='word_1_32' title='bbox 338 652 432 699; x_wconf 91' lang='lat' dir='ltr'><strong>hoc</strong></span> <span class='ocrx_word' id='word_1_33' title='bbox 454 650 516 698; x_wconf 90' lang='lat' dir='ltr'><strong>ad</strong></span> <span class='ocrx_word' id='word_1_34' title='bbox 544 649 745 696; x_wconf 90' lang='lat' dir='ltr'><strong>domum</strong></span> <span class='ocrx_word' id='word_1_35' title='bbox 775 661 933 703; x_wconf 88' lang='lat' dir='ltr'><strong>suam,</strong></span> <span class='ocrx_word' id='word_1_36' title='bbox 972 644 1191 710; x_wconf 86' lang='lat' dir='ltr'><strong>protinus</strong></span> <span class='ocrx_word' id='word_1_37' title='bbox 1224 642 1349 690; x_wconf 86' lang='lat' dir='ltr'><strong>filius</strong></span> <span class='ocrx_word' id='word_1_38' title='bbox 1379 644 1480 707; x_wconf 89' lang='lat' dir='ltr'><strong>ejus</strong></span> <span class='ocrx_word' id='word_1_39' title='bbox 1514 643 1684 691; x_wconf 92' lang='lat' dir='ltr'><strong>unicus</strong></span> <span class='ocrx_word' id='word_1_40' title='bbox 1708 642 1758 688; x_wconf 87' lang='lat' dir='ltr'><strong>in</strong></span> 
     </span>
     <span class='ocr_line' id='line_1_6' title="bbox 341 721 1761 788; baseline -0.007 -12"><span class='ocrx_word' id='word_1_41' title='bbox 341 728 520 776; x_wconf 85' lang='lat' dir='ltr'><strong>febrem</strong></span> <span class='ocrx_word' id='word_1_42' title='bbox 558 725 765 786; x_wconf 91' lang='lat' dir='ltr'><strong>corruit,</strong></span> <span class='ocrx_word' id='word_1_43' title='bbox 802 738 995 788; x_wconf 89' lang='lat' dir='ltr'><strong>unaque</strong></span> <span class='ocrx_word' id='word_1_44' title='bbox 1026 721 1104 769; x_wconf 92' lang='lat' dir='ltr'><strong>die</strong></span> <span class='ocrx_word' id='word_1_45' title='bbox 1143 730 1191 768; x_wconf 93' lang='lat' dir='ltr'><strong>et</strong></span> <span class='ocrx_word' id='word_1_46' title='bbox 1215 731 1357 769; x_wconf 89' lang='lat' dir='ltr'><strong>nocte</strong></span> <span class='ocrx_word' id='word_1_47' title='bbox 1391 721 1594 785; x_wconf 88' lang='lat' dir='ltr'><strong>graviter</strong></span> <span class='ocrx_word' id='word_1_48' title='bbox 1623 736 1761 767; x_wconf 83' lang='lat' dir='ltr'><strong>exaes-</strong></span> 
     </span>
     <span class='ocr_line' id='line_1_7' title="bbox 342 798 1762 869; baseline -0.006 -16"><span class='ocrx_word' id='word_1_49' title='bbox 342 816 499 864; x_wconf 78' lang='lat' dir='ltr'><strong>mans,</strong></span> <span class='ocrx_word' id='word_1_50' title='bbox 525 803 795 869; x_wconf 69' lang='lat' dir='ltr'>exspiravit,</span> <span class='ocrx_word' id='word_1_51' title='bbox 818 802 905 849; x_wconf 92' lang='lat' dir='ltr'><strong>Cui</strong></span> <span class='ocrx_word' id='word_1_52' title='bbox 934 810 1031 847; x_wconf 88' lang='lat' dir='ltr'><strong>tam</strong></span> <span class='ocrx_word' id='word_1_53' title='bbox 1055 815 1260 864; x_wconf 84' lang='lat' dir='ltr'><strong>praesens</strong></span> <span class='ocrx_word' id='word_1_54' title='bbox 1285 798 1374 845; x_wconf 86' lang='lat' dir='ltr'><strong>suit</strong></span> <span class='ocrx_word' id='word_1_55' title='bbox 1402 798 1570 845; x_wconf 91' lang='lat' dir='ltr'><strong>mortis</strong></span> <span class='ocrx_word' id='word_1_56' title='bbox 1592 814 1762 845; x_wconf 89' lang='lat' dir='ltr'><strong>occur-</strong></span> 
     </span>
     <span class='ocr_line' id='line_1_8' title="bbox 340 874 1763 946; baseline -0.007 -15"><span class='ocrx_word' id='word_1_57' title='bbox 340 900 438 942; x_wconf 91' lang='lat' dir='ltr'><strong>sus,</strong></span> <span class='ocrx_word' id='word_1_58' title='bbox 465 897 612 946; x_wconf 89' lang='lat' dir='ltr'><strong>quam</strong></span> <span class='ocrx_word' id='word_1_59' title='bbox 633 880 859 929; x_wconf 90' lang='lat' dir='ltr'><strong>velociter</strong></span> <span class='ocrx_word' id='word_1_60' title='bbox 882 888 1014 945; x_wconf 90' lang='lat' dir='ltr'><strong>pater</strong></span> <span class='ocrx_word' id='word_1_61' title='bbox 1031 878 1134 941; x_wconf 91' lang='lat' dir='ltr'><strong>ejus</strong></span> <span class='ocrx_word' id='word_1_62' title='bbox 1157 875 1218 923; x_wconf 92' lang='lat' dir='ltr'><strong>de</strong></span> <span class='ocrx_word' id='word_1_63' title='bbox 1239 875 1383 923; x_wconf 89' lang='lat' dir='ltr'><strong>rebus</strong></span> <span class='ocrx_word' id='word_1_64' title='bbox 1401 875 1491 923; x_wconf 88' lang='lat' dir='ltr'>sibi</span> <span class='ocrx_word' id='word_1_65' title='bbox 1514 892 1614 923; x_wconf 90' lang='lat' dir='ltr'><strong>non</strong></span> <span class='ocrx_word' id='word_1_66' title='bbox 1634 874 1763 923; x_wconf 92' lang='lat' dir='ltr'><strong>debi-</strong></span> 
     </span>
     <span class='ocr_line' id='line_1_9' title="bbox 342 953 1764 1018; baseline -0.006 -10"><span class='ocrx_word' id='word_1_67' title='bbox 342 961 400 1008; x_wconf 91' lang='lat' dir='ltr'><strong>tis</strong></span> <span class='ocrx_word' id='word_1_68' title='bbox 439 960 633 1008; x_wconf 76' lang='lat' dir='ltr'><strong>effectus</strong></span> <span class='ocrx_word' id='word_1_69' title='bbox 677 968 748 1006; x_wconf 88' lang='lat' dir='ltr'><strong>est</strong></span> <span class='ocrx_word' id='word_1_70' title='bbox 790 956 1033 1004; x_wconf 90' lang='lat' dir='ltr'><strong>dominus.</strong></span> <span class='ocrx_word' id='word_1_71' title='bbox 1083 955 1179 1013; x_wconf 89' lang='lat' dir='ltr'><strong>Qui</strong></span> <span class='ocrx_word' id='word_1_72' title='bbox 1222 954 1271 1001; x_wconf 92' lang='lat' dir='ltr'><strong>in</strong></span> <span class='ocrx_word' id='word_1_73' title='bbox 1317 953 1590 1018; x_wconf 87' lang='lat' dir='ltr'><strong>exemplum</strong></span> <span class='ocrx_word' id='word_1_74' title='bbox 1633 953 1764 1000; x_wconf 91' lang='lat' dir='ltr'><strong>Giezi</strong></span> 
     </span>
     <span class='ocr_line' id='line_1_10' title="bbox 341 1030 1763 1103; baseline -0.005 -18"><span class='ocrx_word' id='word_1_75' title='bbox 341 1036 554 1103; x_wconf 86' lang='lat' dir='ltr'><strong>possedit</strong></span> <span class='ocrx_word' id='word_1_76' title='bbox 580 1052 754 1084; x_wconf 88' lang='lat' dir='ltr'><strong>aurum</strong></span> <span class='ocrx_word' id='word_1_77' title='bbox 778 1044 826 1082; x_wconf 92' lang='lat' dir='ltr'><strong>et</strong></span> <span class='ocrx_word' id='word_1_78' title='bbox 849 1043 1127 1097; x_wconf 88' lang='lat' dir='ltr'><strong>argentum,</strong></span> <span class='ocrx_word' id='word_1_79' title='bbox 1152 1031 1255 1093; x_wconf 89' lang='lat' dir='ltr'><strong>sed,</strong></span> <span class='ocrx_word' id='word_1_80' title='bbox 1282 1030 1418 1096; x_wconf 90' lang='lat' dir='ltr'><strong>quod</strong></span> <span class='ocrx_word' id='word_1_81' title='bbox 1441 1030 1508 1078; x_wconf 93' lang='lat' dir='ltr'><strong>illi</strong></span> <span class='ocrx_word' id='word_1_82' title='bbox 1531 1041 1632 1079; x_wconf 88' lang='lat' dir='ltr'><strong>erat</strong></span> <span class='ocrx_word' id='word_1_83' title='bbox 1654 1048 1763 1096; x_wconf 89' lang='lat' dir='ltr'><strong>pre-</strong></span> 
     </span>
     <span class='ocr_line' id='line_1_11' title="bbox 345 1108 1766 1178; baseline -0.004 -16"><span class='ocrx_word' id='word_1_84' title='bbox 345 1115 528 1175; x_wconf 85' lang='lat' dir='ltr'><strong>tiosius,</strong></span> <span class='ocrx_word' id='word_1_85' title='bbox 552 1113 784 1178; x_wconf 89' lang='lat' dir='ltr'><strong>acquisita</strong></span> <span class='ocrx_word' id='word_1_86' title='bbox 813 1111 984 1159; x_wconf 90' lang='lat' dir='ltr'><strong>animae</strong></span> <span class='ocrx_word' id='word_1_87' title='bbox 1011 1110 1162 1176; x_wconf 90' lang='lat' dir='ltr'><strong>lepra,</strong></span> <span class='ocrx_word' id='word_1_88' title='bbox 1198 1110 1355 1157; x_wconf 86' lang='lat' dir='ltr'><strong>amisit</strong></span> <span class='ocrx_word' id='word_1_89' title='bbox 1385 1119 1432 1158; x_wconf 91' lang='lat' dir='ltr'><strong>et</strong></span> <span class='ocrx_word' id='word_1_90' title='bbox 1454 1108 1606 1157; x_wconf 84' lang='lat' dir='ltr'><strong>filium</strong></span> <span class='ocrx_word' id='word_1_91' title='bbox 1631 1127 1643 1157; x_wconf 90' lang='lat'><strong>:</strong></span> <span class='ocrx_word' id='word_1_92' title='bbox 1675 1126 1766 1157; x_wconf 89' lang='lat' dir='ltr'><strong>nec</strong></span> 
     </span>
     <span class='ocr_line' id='line_1_12' title="bbox 345 1187 1412 1257; baseline -0.005 -18"><span class='ocrx_word' id='word_1_93' title='bbox 345 1209 560 1257; x_wconf 88' lang='lat' dir='ltr'><strong>uuquam</strong></span> <span class='ocrx_word' id='word_1_94' title='bbox 582 1191 757 1240; x_wconf 90' lang='lat' dir='ltr'><strong>meruit</strong></span> <span class='ocrx_word' id='word_1_95' title='bbox 778 1189 1004 1255; x_wconf 87' lang='lat' dir='ltr'><strong>deinceps</strong></span> <span class='ocrx_word' id='word_1_96' title='bbox 1027 1187 1175 1236; x_wconf 90' lang='lat' dir='ltr'><strong>alium</strong></span> <span class='ocrx_word' id='word_1_97' title='bbox 1196 1187 1412 1253; x_wconf 89' lang='lat' dir='ltr'><strong>adipisci.</strong></span> 
     </span>
    </p>
   </div>
   <div class='ocr_carea' id='block_1_3' title="bbox 677 1340 1445 1483">
    <p class='ocr_par' dir='ltr' id='par_1_3' title="bbox 677 1340 1445 1483">
     <span class='ocr_line' id='line_1_13' title="bbox 890 1340 1219 1378; baseline -0.006 0"><span class='ocrx_word' id='word_1_98' title='bbox 890 1340 1048 1378; x_wconf 75' lang='lat' dir='ltr'>CAPUT</span> <span class='ocrx_word' id='word_1_99' title='bbox 1078 1341 1219 1378; x_wconf 84' lang='lat' dir='ltr'>XXXI.</span> 
     </span>
     <span class='ocr_line' id='line_1_14' title="bbox 677 1434 1445 1483; baseline 0.001 -13"><span class='ocrx_word' id='word_1_100' title='bbox 677 1436 731 1471; x_wconf 89' lang='lat' dir='ltr'><strong>De</strong></span> <span class='ocrx_word' id='word_1_101' title='bbox 746 1446 790 1470; x_wconf 86' lang='lat' dir='ltr'><strong>eo</strong></span> <span class='ocrx_word' id='word_1_102' title='bbox 804 1434 866 1483; x_wconf 86' lang='lat' dir='ltr'><strong>qui</strong></span> <span class='ocrx_word' id='word_1_103' title='bbox 883 1435 922 1470; x_wconf 86' lang='lat' dir='ltr'><strong>in</strong></span> <span class='ocrx_word' id='word_1_104' title='bbox 941 1443 1062 1471; x_wconf 81' lang='lat' dir='ltr'><strong>sancta</strong></span> <span class='ocrx_word' id='word_1_105' title='bbox 1079 1434 1222 1483; x_wconf 83' lang='lat' dir='ltr'><strong>porticu</strong></span> <span class='ocrx_word' id='word_1_106' title='bbox 1237 1434 1445 1483; x_wconf 82' lang='lat' dir='ltr'><strong>perjuravit.</strong></span> 
     </span>
    </p>
   </div>
   <div class='ocr_carea' id='block_1_4' title="bbox 337 1526 1775 2526">
    <p class='ocr_par' dir='ltr' id='par_1_4' title="bbox 337 1526 1775 2526">
     <span class='ocr_line' id='line_1_15' title="bbox 412 1526 1768 1594; baseline -0.001 -18"><span class='ocrx_word' id='word_1_107' title='bbox 412 1531 569 1588; x_wconf 83' lang='lat' dir='ltr'><strong>Quam</strong></span> <span class='ocrx_word' id='word_1_108' title='bbox 602 1543 808 1594; x_wconf 87' lang='lat' dir='ltr'><strong>praesens</strong></span> <span class='ocrx_word' id='word_1_109' title='bbox 829 1536 877 1575; x_wconf 88' lang='lat' dir='ltr'><strong>et</strong></span> <span class='ocrx_word' id='word_1_110' title='bbox 907 1543 1050 1593; x_wconf 84' lang='lat' dir='ltr'><strong>super</strong></span> <span class='ocrx_word' id='word_1_111' title='bbox 1074 1528 1220 1576; x_wconf 87' lang='lat' dir='ltr'><strong>alium</strong></span> <span class='ocrx_word' id='word_1_112' title='bbox 1246 1528 1364 1575; x_wconf 92' lang='lat' dir='ltr'><strong>ultio</strong></span> <span class='ocrx_word' id='word_1_113' title='bbox 1391 1526 1554 1574; x_wconf 90' lang='lat' dir='ltr'><strong>divina</strong></span> <span class='ocrx_word' id='word_1_114' title='bbox 1576 1542 1768 1592; x_wconf 87' lang='lat' dir='ltr'><strong>proces-</strong></span> 
     </span>
     <span class='ocr_line' id='line_1_16' title="bbox 347 1603 1772 1671; baseline -0.002 -17"><span class='ocrx_word' id='word_1_115' title='bbox 347 1607 475 1666; x_wconf 85' lang='lat' dir='ltr'><strong>serit,</strong></span> <span class='ocrx_word' id='word_1_116' title='bbox 505 1606 587 1671; x_wconf 91' lang='lat' dir='ltr'><strong>qui</strong></span> <span class='ocrx_word' id='word_1_117' title='bbox 618 1606 667 1652; x_wconf 92' lang='lat' dir='ltr'><strong>in</strong></span> <span class='ocrx_word' id='word_1_118' title='bbox 701 1614 863 1653; x_wconf 85' lang='lat' dir='ltr'><strong>sancta</strong></span> <span class='ocrx_word' id='word_1_119' title='bbox 883 1606 1072 1671; x_wconf 90' lang='lat' dir='ltr'><strong>porticu</strong></span> <span class='ocrx_word' id='word_1_120' title='bbox 1103 1604 1452 1670; x_wconf 88' lang='lat' dir='ltr'><strong>perjuraverat,</strong></span> <span class='ocrx_word' id='word_1_121' title='bbox 1477 1603 1540 1651; x_wconf 88' lang='lat' dir='ltr'><strong>ad</strong></span> <span class='ocrx_word' id='word_1_122' title='bbox 1566 1604 1772 1670; x_wconf 89' lang='lat' dir='ltr'><strong>compri-</strong></span> 
     </span>
     <span class='ocr_line' id='line_1_17' title="bbox 349 1682 1771 1750; baseline -0.003 -17"><span class='ocrx_word' id='word_1_123' title='bbox 349 1684 573 1733; x_wconf 87' lang='lat' dir='ltr'><strong>mendam</strong></span> <span class='ocrx_word' id='word_1_124' title='bbox 603 1682 899 1750; x_wconf 84' lang='lat' dir='ltr'><strong>perfidorum</strong></span> <span class='ocrx_word' id='word_1_125' title='bbox 926 1682 1176 1731; x_wconf 90' lang='lat' dir='ltr'><strong>audaciam</strong></span> <span class='ocrx_word' id='word_1_126' title='bbox 1214 1700 1315 1730; x_wconf 93' lang='lat' dir='ltr'><strong>non</strong></span> <span class='ocrx_word' id='word_1_127' title='bbox 1342 1682 1510 1730; x_wconf 87' lang='lat' dir='ltr'><strong>silebo.</strong></span> <span class='ocrx_word' id='word_1_128' title='bbox 1551 1684 1672 1729; x_wconf 91' lang='lat' dir='ltr'><strong>Cum</strong></span> <span class='ocrx_word' id='word_1_129' title='bbox 1710 1683 1771 1729; x_wconf 89' lang='lat' dir='ltr'><strong>ad</strong></span> 
     </span>
     <span class='ocr_line' id='line_1_18' title="bbox 349 1757 1773 1825; baseline -0.003 -16"><span class='ocrx_word' id='word_1_130' title='bbox 349 1762 647 1809; x_wconf 84' lang='lat' dir='ltr'><strong>matriculam</strong></span> <span class='ocrx_word' id='word_1_131' title='bbox 663 1760 792 1808; x_wconf 89' lang='lat' dir='ltr'><strong>illam</strong></span> <span class='ocrx_word' id='word_1_132' title='bbox 811 1776 956 1825; x_wconf 90' lang='lat' dir='ltr'><strong>quam</strong></span> <span class='ocrx_word' id='word_1_133' title='bbox 972 1769 1162 1807; x_wconf 86' lang='lat' dir='ltr'><strong>sanctus</strong></span> <span class='ocrx_word' id='word_1_134' title='bbox 1184 1776 1271 1806; x_wconf 90' lang='lat' dir='ltr'><strong>suo</strong></span> <span class='ocrx_word' id='word_1_135' title='bbox 1289 1757 1526 1806; x_wconf 86' lang='lat' dir='ltr'><strong>beneficio</strong></span> <span class='ocrx_word' id='word_1_136' title='bbox 1547 1758 1608 1806; x_wconf 91' lang='lat' dir='ltr'><strong>de</strong></span> <span class='ocrx_word' id='word_1_137' title='bbox 1627 1758 1773 1806; x_wconf 87' lang='lat' dir='ltr'><strong>devo·</strong></span> 
     </span>
     <span class='ocr_line' id='line_1_19' title="bbox 349 1835 1773 1902; baseline -0.003 -16"><span class='ocrx_word' id='word_1_138' title='bbox 349 1848 509 1886; x_wconf 91' lang='lat' dir='ltr'><strong>torum</strong></span> <span class='ocrx_word' id='word_1_139' title='bbox 526 1837 840 1901; x_wconf 91' lang='lat' dir='ltr'><strong>eleemosynis</strong></span> <span class='ocrx_word' id='word_1_140' title='bbox 859 1837 1009 1902; x_wconf 89' lang='lat' dir='ltr'><strong>pascit</strong></span> <span class='ocrx_word' id='word_1_141' title='bbox 1025 1836 1242 1902; x_wconf 87' lang='lat' dir='ltr'><strong>quotidie</strong></span> <span class='ocrx_word' id='word_1_142' title='bbox 1264 1853 1289 1883; x_wconf 86' lang='lat' dir='ltr'><strong>a</strong></span> <span class='ocrx_word' id='word_1_143' title='bbox 1315 1835 1533 1883; x_wconf 85' lang='lat' dir='ltr'><strong>fidelibus</strong></span> <span class='ocrx_word' id='word_1_144' title='bbox 1556 1852 1773 1883; x_wconf 86' lang='lat' dir='ltr'><strong>necessa-</strong></span> 
     </span>
     <span class='ocr_line' id='line_1_20' title="bbox 350 1913 1773 1979; baseline -0.001 -16"><span class='ocrx_word' id='word_1_145' title='bbox 350 1916 420 1964; x_wconf 88' lang='lat' dir='ltr'><strong>ria</strong></span> <span class='ocrx_word' id='word_1_146' title='bbox 468 1914 761 1974; x_wconf 85' lang='lat' dir='ltr'><strong>tribuantur,</strong></span> <span class='ocrx_word' id='word_1_147' title='bbox 813 1914 1212 1962; x_wconf 86' lang='lat' dir='ltr'><strong>consuetudinem</strong></span> <span class='ocrx_word' id='word_1_148' title='bbox 1259 1913 1500 1961; x_wconf 87' lang='lat' dir='ltr'><strong>benedicti</strong></span> <span class='ocrx_word' id='word_1_149' title='bbox 1540 1930 1773 1979; x_wconf 87' lang='lat' dir='ltr'><strong>pauperes</strong></span> 
     </span>
     <span class='ocr_line' id='line_1_21' title="bbox 350 1991 1768 2057; baseline -0.001 -17"><span class='ocrx_word' id='word_1_150' title='bbox 350 1994 546 2053; x_wconf 87' lang='lat' dir='ltr'><strong>habent,</strong></span> <span class='ocrx_word' id='word_1_151' title='bbox 588 2003 640 2040; x_wconf 88' lang='lat' dir='ltr'><strong>ut</strong></span> <span class='ocrx_word' id='word_1_152' title='bbox 675 2009 787 2040; x_wconf 91' lang='lat' dir='ltr'><strong>cum</strong></span> <span class='ocrx_word' id='word_1_153' title='bbox 823 1991 961 2039; x_wconf 91' lang='lat' dir='ltr'><strong>multi</strong></span> <span class='ocrx_word' id='word_1_154' title='bbox 995 2008 1052 2039; x_wconf 84' lang='lat' dir='ltr'><strong>ex</strong></span> <span class='ocrx_word' id='word_1_155' title='bbox 1076 1991 1151 2039; x_wconf 90' lang='lat' dir='ltr'><strong>his</strong></span> <span class='ocrx_word' id='word_1_156' title='bbox 1184 2008 1271 2057; x_wconf 89' lang='lat' dir='ltr'><strong>per</strong></span> <span class='ocrx_word' id='word_1_157' title='bbox 1300 1992 1408 2039; x_wconf 90' lang='lat' dir='ltr'><strong>loca</strong></span> <span class='ocrx_word' id='word_1_158' title='bbox 1444 1991 1768 2049; x_wconf 87' lang='lat' dir='ltr'><strong>discesserint,</strong></span> 
     </span>
     <span class='ocr_line' id='line_1_22' title="bbox 352 2068 1774 2134; baseline -0.002 -16"><span class='ocrx_word' id='word_1_159' title='bbox 352 2070 603 2118; x_wconf 86' lang='lat' dir='ltr'><strong>custodem</strong></span> <span class='ocrx_word' id='word_1_160' title='bbox 620 2070 740 2117; x_wconf 91' lang='lat' dir='ltr'><strong>inibi</strong></span> <span class='ocrx_word' id='word_1_161' title='bbox 763 2069 1114 2134; x_wconf 89' lang='lat' dir='ltr'><strong>derelinquant,</strong></span> <span class='ocrx_word' id='word_1_162' title='bbox 1136 2070 1218 2133; x_wconf 92' lang='lat' dir='ltr'><strong>qui</strong></span> <span class='ocrx_word' id='word_1_163' title='bbox 1238 2068 1370 2133; x_wconf 93' lang='lat' dir='ltr'><strong>quod</strong></span> <span class='ocrx_word' id='word_1_164' title='bbox 1395 2068 1534 2116; x_wconf 85' lang='lat' dir='ltr'><strong>fuerit</strong></span> <span class='ocrx_word' id='word_1_165' title='bbox 1558 2068 1774 2116; x_wconf 87' lang='lat' dir='ltr'><strong>oblatum</strong></span> 
     </span>
     <span class='ocr_line' id='line_1_23' title="bbox 353 2146 1775 2213; baseline -0.003 -17"><span class='ocrx_word' id='word_1_166' title='bbox 353 2148 567 2213; x_wconf 89' lang='lat' dir='ltr'><strong>accipiat.</strong></span> <span class='ocrx_word' id='word_1_167' title='bbox 603 2146 810 2205; x_wconf 89' lang='lat' dir='ltr'><strong>Quidam</strong></span> <span class='ocrx_word' id='word_1_168' title='bbox 839 2162 952 2210; x_wconf 86' lang='lat' dir='ltr'><strong>ergo</strong></span> <span class='ocrx_word' id='word_1_169' title='bbox 981 2146 1183 2193; x_wconf 85' lang='lat' dir='ltr'><strong>devotus</strong></span> <span class='ocrx_word' id='word_1_170' title='bbox 1219 2162 1369 2193; x_wconf 88' lang='lat' dir='ltr'><strong>unum</strong></span> <span class='ocrx_word' id='word_1_171' title='bbox 1393 2146 1616 2193; x_wconf 85' lang='lat' dir='ltr'><strong>triantem</strong></span> <span class='ocrx_word' id='word_1_172' title='bbox 1652 2162 1775 2193; x_wconf 90' lang='lat' dir='ltr'><strong>mer·</strong></span> 
     </span>
     <span class='ocr_line' id='line_1_24' title="bbox 353 2223 1775 2289; baseline -0.003 -15"><span class='ocrx_word' id='word_1_173' title='bbox 353 2226 484 2274; x_wconf 87' lang='lat' dir='ltr'><strong>cedis</strong></span> <span class='ocrx_word' id='word_1_174' title='bbox 504 2226 675 2273; x_wconf 91' lang='lat' dir='ltr'><strong>intuitu</strong></span> <span class='ocrx_word' id='word_1_175' title='bbox 699 2224 891 2283; x_wconf 86' lang='lat' dir='ltr'><strong>detulit,</strong></span> <span class='ocrx_word' id='word_1_176' title='bbox 926 2240 1068 2289; x_wconf 92' lang='lat' dir='ltr'><strong>quem</strong></span> <span class='ocrx_word' id='word_1_177' title='bbox 1094 2233 1253 2271; x_wconf 91' lang='lat' dir='ltr'><strong>custos</strong></span> <span class='ocrx_word' id='word_1_178' title='bbox 1276 2223 1370 2271; x_wconf 92' lang='lat' dir='ltr'><strong>loci</strong></span> <span class='ocrx_word' id='word_1_179' title='bbox 1402 2223 1656 2271; x_wconf 88' lang='lat' dir='ltr'><strong>collectum</strong></span> <span class='ocrx_word' id='word_1_180' title='bbox 1682 2224 1775 2270; x_wconf 82' lang='lat' dir='ltr'><strong>sra-</strong></span> 
     </span>
     <span class='ocr_line' id='line_1_25' title="bbox 337 2302 1774 2351; baseline -0.001 0"><span class='ocrx_word' id='word_1_181' title='bbox 337 2303 507 2351; x_wconf 76' lang='lat' dir='ltr'><strong>⁴tribus</strong></span> <span class='ocrx_word' id='word_1_182' title='bbox 550 2302 789 2351; x_wconf 88' lang='lat' dir='ltr'><strong>occultare</strong></span> <span class='ocrx_word' id='word_1_183' title='bbox 836 2317 936 2350; x_wconf 91' lang='lat' dir='ltr'><strong>non</strong></span> <span class='ocrx_word' id='word_1_184' title='bbox 984 2302 1167 2350; x_wconf 87' lang='lat' dir='ltr'><strong>metuit.</strong></span> <span class='ocrx_word' id='word_1_185' title='bbox 1221 2303 1569 2350; x_wconf 89' lang='lat' dir='ltr'><strong>Convenientes</strong></span> <span class='ocrx_word' id='word_1_186' title='bbox 1614 2312 1774 2350; x_wconf 89' lang='lat' dir='ltr'><strong>autem</strong></span> 
     </span>
     <span class='ocr_line' id='line_1_26' title="bbox 357 2381 1775 2447; baseline 0.001 -18"><span class='ocrx_word' id='word_1_187' title='bbox 357 2397 590 2447; x_wconf 90' lang='lat' dir='ltr'><strong>pauperes</strong></span> <span class='ocrx_word' id='word_1_188' title='bbox 609 2381 670 2429; x_wconf 85' lang='lat' dir='ltr'><strong>ad</strong></span> <span class='ocrx_word' id='word_1_189' title='bbox 698 2389 902 2443; x_wconf 81' lang='lat' dir='ltr'><strong>sextam,</strong></span> <span class='ocrx_word' id='word_1_190' title='bbox 930 2381 1148 2429; x_wconf 86' lang='lat' dir='ltr'><strong>sciscitati</strong></span> <span class='ocrx_word' id='word_1_191' title='bbox 1170 2391 1281 2428; x_wconf 87' lang='lat' dir='ltr'><strong>sunt</strong></span> <span class='ocrx_word' id='word_1_192' title='bbox 1305 2382 1597 2430; x_wconf 84' lang='lat' dir='ltr'><strong>antedictum</strong></span> <span class='ocrx_word' id='word_1_193' title='bbox 1621 2392 1775 2430; x_wconf 88' lang='lat' dir='ltr'><strong>custo-</strong></span> 
     </span>
     <span class='ocr_line' id='line_1_27' title="bbox 355 2458 1774 2526; baseline 0.001 -19"><span class='ocrx_word' id='word_1_194' title='bbox 355 2459 466 2507; x_wconf 90' lang='lat' dir='ltr'><strong>dem</strong></span> <span class='ocrx_word' id='word_1_195' title='bbox 487 2458 605 2525; x_wconf 87' lang='lat' dir='ltr'><strong>quid</strong></span> <span class='ocrx_word' id='word_1_196' title='bbox 639 2459 728 2507; x_wconf 88' lang='lat' dir='ltr'><strong>sibi</strong></span> <span class='ocrx_word' id='word_1_197' title='bbox 759 2458 926 2507; x_wconf 89' lang='lat' dir='ltr'><strong>beatus</strong></span> <span class='ocrx_word' id='word_1_198' title='bbox 956 2469 1120 2524; x_wconf 90' lang='lat' dir='ltr'><strong>pastor</strong></span> <span class='ocrx_word' id='word_1_199' title='bbox 1152 2459 1290 2508; x_wconf 88' lang='lat' dir='ltr'><strong>solita</strong></span> <span class='ocrx_word' id='word_1_200' title='bbox 1322 2461 1495 2525; x_wconf 85' lang='lat' dir='ltr'><strong>pietate</strong></span> <span class='ocrx_word' id='word_1_201' title='bbox 1517 2461 1774 2526; x_wconf 89' lang='lat' dir='ltr'><strong>respiciens</strong></span> 
     </span>
    </p>
   </div>
   <div class='ocr_carea' id='block_1_5' title="bbox 352 2630 1776 2880">
    <p class='ocr_par' dir='ltr' id='par_1_5' title="bbox 352 2630 1776 2880">
     <span class='ocr_line' id='line_1_28' title="bbox 407 2630 1772 2684; baseline 0.001 -13"><span class='ocrx_word' id='word_1_202' title='bbox 407 2634 462 2682; x_wconf 86' lang='lat'><strong>(1)</strong></span> <span class='ocrx_word' id='word_1_203' title='bbox 482 2631 609 2673; x_wconf 85' lang='lat' dir='ltr'><strong>cl.-F.</strong></span> <span class='ocrx_word' id='word_1_204' title='bbox 645 2633 879 2670; x_wconf 73' lang='lat' dir='ltr'><strong>Instituerad</strong></span> <span class='ocrx_word' id='word_1_205' title='bbox 904 2639 943 2671; x_wconf 89' lang='lat' dir='ltr'><strong>et</strong></span> <span class='ocrx_word' id='word_1_206' title='bbox 970 2632 1084 2684; x_wconf 88' lang='lat' dir='ltr'><strong>paulo</strong></span> <span class='ocrx_word' id='word_1_207' title='bbox 1112 2630 1212 2670; x_wconf 79' lang='lat' dir='ltr'><strong>infra</strong></span> <span class='ocrx_word' id='word_1_208' title='bbox 1236 2635 1449 2682; x_wconf 67' lang='lat' dir='ltr'><strong>acquisivit!</strong></span> <span class='ocrx_word' id='word_1_209' title='bbox 1461 2662 1472 2681; x_wconf 85' lang='lat'>,</span> <span class='ocrx_word' id='word_1_210' title='bbox 1493 2636 1772 2684; x_wconf 82' lang='lat' dir='ltr'><strong>compleverad,</strong></span> 
     </span>
     <span class='ocr_line' id='line_1_29' title="bbox 352 2697 1776 2751; baseline 0.001 -15"><span class='ocrx_word' id='word_1_211' title='bbox 352 2700 507 2748; x_wconf 74' lang='grc' dir='ltr'><em>αηιὶεἰά,</em></span> <span class='ocrx_word' id='word_1_212' title='bbox 527 2706 627 2746; x_wconf 86' lang='lat' dir='ltr'><strong>etc.;</strong></span> <span class='ocrx_word' id='word_1_213' title='bbox 653 2698 719 2750; x_wconf 90' lang='lat' dir='ltr'><strong>qui</strong></span> <span class='ocrx_word' id='word_1_214' title='bbox 738 2697 928 2737; x_wconf 89' lang='lat' dir='ltr'><strong>scribendi</strong></span> <span class='ocrx_word' id='word_1_215' title='bbox 948 2697 1083 2736; x_wconf 87' lang='lat' dir='ltr'><strong>modus</strong></span> <span class='ocrx_word' id='word_1_216' title='bbox 1103 2711 1224 2750; x_wconf 86' lang='lat' dir='ltr'><strong>usque</strong></span> <span class='ocrx_word' id='word_1_217' title='bbox 1251 2698 1299 2736; x_wconf 88' lang='lat' dir='ltr'><strong>ad</strong></span> <span class='ocrx_word' id='word_1_218' title='bbox 1326 2699 1440 2738; x_wconf 84' lang='lat' dir='ltr'><strong>finem</strong></span> <span class='ocrx_word' id='word_1_219' title='bbox 1468 2713 1558 2738; x_wconf 86' lang='lat' dir='ltr'><strong>mss.</strong></span> <span class='ocrx_word' id='word_1_220' title='bbox 1592 2700 1776 2751; x_wconf 85' lang='lat' dir='ltr'><strong>perdurat</strong></span> 
     </span>
     <span class='ocr_line' id='line_1_30' title="bbox 353 2761 1771 2815; baseline 0.001 -15"><span class='ocrx_word' id='word_1_221' title='bbox 353 2771 389 2800; x_wconf 83' lang='lat' dir='ltr'><strong>et</strong></span> <span class='ocrx_word' id='word_1_222' title='bbox 413 2762 452 2801; x_wconf 92' lang='lat' dir='ltr'><strong>in</strong></span> <span class='ocrx_word' id='word_1_223' title='bbox 475 2761 703 2814; x_wconf 83' lang='lat' dir='ltr'><strong>quibusdam</strong></span> <span class='ocrx_word' id='word_1_224' title='bbox 723 2762 817 2801; x_wconf 87' lang='lat' dir='ltr'><strong>locis</strong></span> <span class='ocrx_word' id='word_1_225' title='bbox 842 2762 1005 2801; x_wconf 81' lang='lat' dir='ltr'><strong>aliorum</strong></span> <span class='ocrx_word' id='word_1_226' title='bbox 1025 2775 1115 2801; x_wconf 88' lang='lat' dir='ltr'><strong>mss.</strong></span> <span class='ocrx_word' id='word_1_227' title='bbox 1140 2762 1472 2811; x_wconf 80' lang='lat' dir='ltr'><strong>animadvertitur,</strong></span> <span class='ocrx_word' id='word_1_228' title='bbox 1501 2772 1543 2802; x_wconf 90' lang='lat' dir='ltr'><strong>ut</strong></span> <span class='ocrx_word' id='word_1_229' title='bbox 1571 2764 1674 2815; x_wconf 80' lang='lat' dir='ltr'><strong>apud</strong></span> <span class='ocrx_word' id='word_1_230' title='bbox 1696 2766 1771 2802; x_wconf 62' lang='lat'><strong>1178</strong></span> 
     </span>
     <span class='ocr_line' id='line_1_31' title="bbox 357 2827 1028 2880; baseline 0.001 -15"><span class='ocrx_word' id='word_1_231' title='bbox 357 2840 461 2880; x_wconf 65' lang='lat' dir='ltr'><strong>sup„</strong></span> <span class='ocrx_word' id='word_1_232' title='bbox 484 2827 551 2867; x_wconf 84' lang='lat' dir='ltr'><strong>lib.</strong></span> <span class='ocrx_word' id='word_1_233' title='bbox 575 2830 629 2879; x_wconf 84' lang='lat'><strong>11,</strong></span> <span class='ocrx_word' id='word_1_234' title='bbox 649 2840 735 2880; x_wconf 73' lang='lat' dir='ltr'><strong>cap.</strong></span> <span class='ocrx_word' id='word_1_235' title='bbox 759 2840 828 2875; x_wconf 64' lang='lat' dir='ltr'><strong>Lx,</strong></span> <span class='ocrx_word' id='word_1_236' title='bbox 850 2829 1028 2878; x_wconf 65' lang='lat' dir='ltr'><strong>reIIquid.</strong></span> 
     </span>
    </p>
   </div>
  </div>
 </body>
</html>
