2028 3458
458 306 506 342 10
536 343 542 350 ,
676 305 738 340 ΟΕ
767 303 1060 340 VIRTUTIBUS
1088 301 1259 338 SANCTI
1290 301 1514 336 MARTINI.
1540 319 1594 328 -
1611 301 1644 337 Ι.

455 393 693 440 cationem
715 390 843 438 beati
861 390 974 450 viri,
1002 389 1170 452 fugatis
1192 387 1409 435 hostibus
1428 387 1654 434 liberatus
1675 398 1761 435 est.
1790 389 1873 437 Id-

455 485 550 532 que
565 467 884 515 daemoniacus
904 467 953 512 in
977 463 1137 511 medio
1157 463 1379 523 basilicae,
1401 463 1504 529 ipsa
1519 463 1640 511 hora
1656 481 1752 529 qua
1775 482 1875 529 ges-

455 557 558 594 tum
581 546 731 593 fuerat
749 582 760 604 ,
787 554 856 591 est
877 542 1118 607 professus
1142 541 1291 588 sancti
1327 541 1516 588 Martini
1550 541 1750 590 obtentu
1779 542 1874 590 hoc

455 624 595 671 fuisse
619 638 917 670 concessum.

523 701 682 749 Puella
699 699 917 765 quaedam
938 696 1167 763 paralysis
1186 695 1392 743 humore
1418 707 1626 760 gravata,
1649 707 1718 761 et,
1739 700 1875 764 quod

455 779 589 844 pejus
609 788 695 838 est,
724 792 885 843 errore
909 775 1063 822 cultus
1087 773 1278 820 fanatici
1304 773 1538 836 involuta,
1563 776 1690 823 beati
1714 778 1873 843 sepul-

455 872 587 902 crum
613 854 806 919 expetiit
824 892 836 915 ,
862 852 1125 917 vigiliisque
1144 850 1420 912 celebratis,
1446 853 1634 900 sanitati
1661 863 1732 901 est
1766 854 1876 901 red-

455 933 569 980 dita.
601 936 801 979 Rursum
831 940 990 978 autem
1022 929 1083 976 ad
1112 927 1342 975 idolatriae
1369 929 1606 976 vomitum
1622 942 1870 993 revocata,

454 1010 751 1074 languorem,
773 1025 871 1073 quo
891 1008 1094 1055 obtentu
1116 1006 1243 1053 beati
1268 1006 1509 1071 pontificis
1531 1019 1767 1069 caruerat,
1791 1011 1875 1057 ite-

455 1098 557 1136 rato
580 1089 794 1135 incurrit.

519 1166 718 1212 Chunus
740 1164 954 1230 quidam,
980 1161 1175 1211 rabidus
1198 1161 1425 1209 instinctu
1456 1162 1687 1211 daemonis
1711 1174 1843 1212 actus
1858 1202 1870 1224 ,

454 1259 685 1291 coronam
714 1242 940 1308 sepulcri,
967 1258 1072 1305 quae
1111 1240 1261 1287 sancti
1304 1241 1532 1288 meritum
1571 1241 1869 1304 declarabat,

453 1322 684 1369 violenter
699 1321 913 1385 arripuit.
941 1323 1054 1367 Mox
1075 1318 1259 1366 lumine
1280 1320 1516 1384 privatus,
1539 1321 1773 1386 praedam,
1797 1338 1875 1369 co-

455 1408 593 1464 gente
620 1398 811 1458 dolore,
834 1397 1036 1445 restituit
1058 1396 1320 1461 lumenque
1349 1396 1483 1462 quod
1505 1397 1781 1463 perdiderat
1804 1415 1875 1445 re-

454 1476 596 1542 cepit.
637 1475 845 1533 Quidam
878 1491 994 1522 vero
1029 1491 1056 1522 a
1085 1483 1320 1522 tentatore
1348 1485 1645 1535 commotus,
1684 1475 1874 1541 prolato

455 1552 613 1616 gladio
631 1590 643 1614 ,
667 1570 777 1599 cum
800 1552 1060 1617 quemdam
1092 1552 1233 1600 ferire
1255 1564 1513 1601 conaretur
1533 1553 1582 1600 in
1615 1554 1738 1601 atrio
1757 1570 1874 1601 con-

455 1631 672 1693 fessoris,
700 1632 918 1697 protinus
939 1632 1009 1678 ira
1029 1631 1077 1678 in
1102 1648 1152 1678 se
1174 1641 1351 1679 retorta
1368 1668 1380 1692 ,
1403 1632 1557 1679 veloci
1582 1631 1767 1696 judicio
1787 1632 1875 1678 Dei

454 1719 798 1774 prosequente,
825 1710 928 1775 ipso
952 1726 1002 1758 se
1026 1726 1257 1757 mucrone
1281 1709 1505 1775 perfodit.

518 1789 733 1852 Denique
756 1804 867 1834 cum
890 1788 1099 1853 populus
1122 1788 1184 1836 ad
1206 1789 1335 1836 beati
1356 1788 1523 1854 templi
1546 1798 1770 1836 ornatum
1790 1805 1873 1836 co-

453 1865 639 1913 lumnas
654 1866 838 1913 deferre
852 1877 1048 1931 cuperet
1067 1867 1279 1930 gaudens
1294 1902 1306 1925 ,
1319 1867 1517 1932 quidam
1535 1867 1624 1925 vir,
1642 1867 1723 1930 qui
1738 1866 1874 1932 operi

453 1942 565 1990 huic
593 1943 783 1990 invidus
814 1953 862 1990 et
883 1945 1150 1991 contrarius
1184 1944 1299 2007 suit,
1325 1946 1375 1991 in
1405 1945 1594 1992 alveum
1628 1944 1871 1991 exclusum

453 2019 603 2067 multa
632 2020 919 2082 minabatur,
946 2039 1036 2087 pro
1069 2039 1137 2075 eov
1161 2022 1296 2087 quod
1329 2023 1552 2070 solatium
1583 2021 1780 2086 aliquod
1810 2022 1872 2069 ad

454 2097 662 2161 plaustra
691 2099 961 2164 petentibus
990 2117 1087 2147 non
1111 2101 1366 2166 praeberet.
1397 2103 1616 2165 Cumque
1638 2099 1874 2165 superbus

454 2190 633 2238 equum
657 2175 837 2237 feriret,
860 2177 910 2223 in
934 2193 1082 2241 parvo
1104 2177 1305 2225 fluviolo
1324 2178 1666 2243 praecipitatus,
1691 2178 1739 2223 in
1763 2177 1871 2223 sinu

454 2266 684 2315 aquarum
710 2255 902 2319 gurgitis
924 2254 1095 2302 ictibus
1116 2255 1213 2303 suis
1235 2255 1496 2304 suffocatus
1520 2255 1712 2303 interiit.
1740 2258 1873 2301 Tunc

450 2329 641 2392 juvene¹
667 2332 988 2396 praecedente,
1016 2333 1251 2381 columnae
1271 2351 1420 2399 usque
1445 2333 1507 2381 ad
1528 2333 1725 2382 beatum
1750 2342 1873 2380 tem-

455 2406 587 2470 plum
610 2407 773 2456 delatae
796 2420 922 2457 sunt.

520 2485 716 2541 Quoties
747 2487 890 2535 etiam
912 2488 973 2535 ad
995 2488 1194 2536 beatum
1224 2490 1496 2556 sepulcrum
1519 2488 1681 2536 oleum
1710 2488 1874 2536 fuisset

455 2561 682 2625 positum,
700 2563 907 2610 referunt
922 2565 1039 2612 illud
1058 2566 1232 2614 vidisse
1248 2567 1523 2615 adauctum.
1543 2569 1742 2614 Sanctus
1756 2582 1871 2613 vero

457 2638 719 2702 Perpetuus
746 2642 1023 2706 episcopus,
1056 2644 1225 2691 merito
1250 2644 1378 2693 beati
1398 2645 1659 2711 discipulus
1688 2660 1872 2710 praeco—

1790 2755 1864 2765 «ια-η

508 2810 564 2863 (1)
585 2811 645 2852 Sic
663 2812 836 2866 plerique
856 2828 946 2854 mss.
970 2816 1044 2856 Alii
1063 2817 1205 2857 habent
1219 2822 1371 2869 populo.
1393 2820 1493 2858 Editi
1506 2825 1714 2868 juventute.
1736 2818 1818 2871 (R.)
