2028 3458
371 343 420 380 76
588 343 652 379 DE
684 341 976 378 VIRTUTIBUS
1010 340 1181 378 SANCTI
1214 339 1438 376 MARTINI.
1461 359 1513 366 —
1535 340 1567 378 I.

372 435 449 482 uio
473 434 700 499 episcopo
724 446 852 478 anno
887 431 1117 494 septim0,
1144 444 1272 475 anno
1298 426 1511 475 secundo
1535 427 1789 493 Sigiberthi

371 510 693 575 gloriosissimi
717 508 860 571 regis,
887 507 1000 553 irrui
1025 507 1073 553 in
1098 504 1419 552 valetudinem
1450 522 1562 553 cum
1590 507 1790 572 pustulis

372 589 507 636 malis
539 598 585 636 et
620 586 773 645 febre,
802 594 1072 649 negatoque
1102 601 1188 631 usu
1225 593 1369 648 potus
1399 593 1541 649 atque
1572 585 1691 645 cibi,
1727 586 1792 634 ita

372 666 594 730 angebar,
623 674 673 710 ut
701 664 870 711 amissa
894 664 1027 710 omni
1059 678 1142 727 spe
1164 662 1270 709 vitae
1294 663 1561 727 praesentiS,
1588 663 1649 711 de
1679 664 1791 711 solis

372 744 621 809 sepulturae
649 742 922 789 necessariis
951 741 1228 805 cogitarem.
1265 739 1531 788 Obsidebat
1554 742 1683 789 enim
1715 759 1792 789 me

375 839 502 869 mors
524 820 711 868 assidua
733 837 844 867 cum
868 819 1057 880 ardore,
1077 819 1286 866 animam
1306 820 1505 884 cupiens
1523 836 1793 884 expugnare

373 899 433 947 de
458 915 679 964 corpore.
716 900 848 945 Tunc
880 898 979 962 jam
1009 896 1147 944 valde
1170 896 1418 957 exanimis,
1444 898 1668 945 invocato
1704 915 1793 945 no-

374 978 501 1024 mine
524 976 650 1023 beati
681 976 870 1023 Martini
902 975 1145 1034 antistitis,
1174 990 1432 1040 parumper
1458 975 1710 1032 convalui,
1749 987 1797 1024 et

374 1055 504 1103 lento
528 1054 687 1102 adhuc
709 1053 963 1101 conamine
986 1053 1075 1101 iter
1094 1053 1272 1118 incipio
1294 1070 1587 1119 praeparare;
1614 1054 1797 1102 insede-

375 1142 446 1180 rat
468 1132 596 1179 enim
620 1131 791 1179 animis
815 1141 868 1178 ut
886 1130 1046 1178 locum
1070 1130 1354 1178 venerabilis
1375 1130 1583 1196 sepulcri
1609 1132 1798 1180 visitare

376 1209 620 1257 deberem.
649 1208 787 1257 Unde
811 1218 944 1255 tanto
978 1208 1215 1256 desiderio
1242 1208 1437 1256 affectus
1466 1225 1596 1266 sum,
1626 1219 1678 1256 ut
1708 1227 1798 1257 nec

378 1287 536 1334 vivere
562 1303 638 1334 me
670 1296 887 1351 optarem
919 1286 958 1333 si
990 1285 1171 1333 tardius
1200 1285 1492 1333 direxissem.
1526 1289 1583 1333 Et
1617 1287 1700 1350 qui
1723 1288 1799 1334 vix

379 1380 619 1412 evaseram
639 1381 694 1412 ex
711 1363 884 1411 ardore
903 1363 1217 1423 incommodi,
1238 1364 1360 1429 coepi
1386 1364 1559 1411 iterum
1577 1364 1800 1412 desiderii

382 1441 508 1489 febre
537 1441 779 1508 succendi.
818 1444 912 1488 Nec
939 1457 1104 1503 mora,
1143 1441 1302 1489 adhuc
1337 1458 1509 1507 parum
1545 1442 1679 1490 fortis
1714 1444 1803 1490 iter

380 1536 491 1567 cum
515 1521 633 1567 meis
656 1519 850 1585 arripio,
871 1519 1082 1584 actisque
1102 1519 1176 1567 vel
1195 1519 1385 1567 duabus
1400 1519 1476 1567 vel
1496 1519 1648 1567 tribus
1669 1537 1802 1568 man-

381 1598 597 1647 sionibus
620 1599 858 1662 ingressus
881 1598 1048 1658 silvaS,
1074 1599 1236 1646 corrui
1261 1615 1425 1646 rursus
1445 1599 1493 1645 in
1520 1597 1729 1657 febrem,
1756 1609 1804 1646 et

382 1685 479 1723 tam
503 1677 706 1740 graviter
728 1692 866 1739 agere
884 1677 1024 1741 coepi,
1042 1686 1094 1723 ut
1117 1693 1285 1724 omnes
1310 1693 1384 1724 me
1407 1686 1710 1724 autumarent
1733 1678 1803 1724 vi-

383 1761 479 1801 tam
507 1754 737 1800 amittere.
765 1756 898 1800 Tunc
921 1753 1198 1801 accedentes
1221 1754 1387 1814 amici,
1414 1764 1462 1801 et
1483 1755 1699 1802 videntes
1728 1771 1806 1802 me

383 1829 521 1878 valde
556 1829 731 1877 lassum
749 1867 761 1891 ,
795 1829 1019 1877 dicebant
1043 1846 1053 1876 :
1097 1850 1119 1873 ε(
1147 1832 1455 1878 Revertamur
1480 1831 1541 1877 ad
1577 1831 1800 1896 propria3

383 1919 430 1956 et
452 1909 490 1955 si
514 1919 558 1955 te
583 1911 711 1956 Deus
730 1925 903 1956 vocare
928 1908 1149 1969 voluerit,
1177 1909 1224 1956 in
1250 1909 1400 1956 domo
1422 1919 1502 1957 tua
1525 1926 1739 1969 morere3
1767 1910 1805 1956 si

361 1995 542 2034 'autem
566 1987 786 2047 evaseris,
809 1988 1023 2034 votivum
1046 1988 1133 2034 iter
1156 1987 1334 2034 facilius
1356 1988 1629 2053 explicabis.
1651 1989 1806 2035 Satius

386 2073 457 2111 est
479 2066 606 2111 enim
643 2066 814 2111 reverti
844 2065 906 2112 ad
936 2065 1137 2111 domum
1164 2082 1310 2129 quam
1340 2066 1463 2112 mori
1488 2066 1535 2111 in
1568 2082 1746 2112 eremo.
1780 2087 1802 2109 »

389 2141 486 2203 Ego
520 2157 634 2187 vero
670 2140 770 2187 haec
797 2140 1018 2201 audiens,
1059 2140 1367 2189 vehementer
1398 2142 1723 2205 lacrymabar3
1760 2151 1807 2189 et

390 2216 619 2280 plangens
641 2218 963 2264 infelicitatem
988 2234 1166 2278 meam,
1195 2219 1383 2267 locutus
1417 2237 1523 2267 sum
1559 2237 1670 2267 cum
1707 2222 1773 2268 eis
1792 2257 1802 2276 ,

389 2293 552 2340 dicens
574 2311 585 2341 t
610 2314 631 2339 ι(
657 2295 836 2358 Adjuro
855 2312 940 2341 vos
955 2312 1041 2361 per
1060 2297 1440 2361 omnipotentem
1459 2300 1632 2353 Deum,
1651 2310 1697 2346 et
1716 2301 1807 2347 reis

390 2371 615 2418 omnibus
637 2372 946 2420 metuendum
962 2373 1129 2436 judicii
1152 2374 1298 2431 diem,
1326 2384 1378 2421 ut
1398 2375 1460 2422 ad
1484 2392 1540 2423 ea
1563 2394 1667 2440 quae
1690 2395 1806 2442 rogo

390 2448 711 2495 consentiatis.
744 2451 815 2496 De
853 2459 1011 2514 coepto
1048 2450 1216 2498 itinere
1259 2467 1358 2498 non
1403 2451 1642 2512 desistite;
1686 2464 1732 2501 et
1769 2455 1808 2502 si

394 2542 578 2572 mereor
607 2527 764 2573 Sancti
791 2528 979 2574 Martini
1012 2528 1172 2575 videre
1204 2528 1475 2589 basilicam,
1513 2533 1684 2594 gratias
1718 2549 1807 2597 ago

393 2607 495 2651 Deo
518 2620 656 2661 meo3
691 2605 762 2651 sin
796 2605 949 2662 aliud,
982 2606 1054 2652 vel
1087 2607 1302 2653 exanime
1334 2624 1510 2673 corpus
1545 2609 1809 2657 deferentes

393 2681 571 2729 ibidem
594 2682 802 2750 sepelite,
827 2684 939 2748 quia
961 2683 1243 2732 deliberatio
1272 2702 1377 2733 mea
1401 2696 1487 2745 est,
1512 2704 1612 2734 non
1636 2689 1807 2734 reverti

395 2760 682 2821 domum,'si
706 2778 804 2808 non
829 2762 930 2825 ejus
955 2762 1173 2828 sepulcro
1207 2781 1427 2813 meruero
1461 2765 1748 2831 praesentari.
1783 2786 1804 2808 >›

393 2840 523 2885 Tunc
548 2853 645 2885 una
670 2839 845 2903 pariter
868 2839 1050 2900 flentes,
1075 2841 1163 2888 iter
1181 2842 1311 2906 quod
1337 2859 1633 2907 coeperamus
1652 2858 1809 2906 aggre-
