2028 3458
516 284 569 320 50
742 283 808 319 DE
837 280 1130 318 VIRTUTIBUS
1160 279 1332 318 SANCTI
1361 280 1584 317 MARTINI.
1609 301 1663 308 —-
1680 281 1712 319 Ι.

1071 430 1228 466 CAPUT
1253 430 1375 465 XVII.

893 530 945 563 De
962 527 1018 562 his
1035 539 1113 574 quae
1132 527 1317 563 Ambianis
1336 537 1431 575 gesta
1449 536 1544 562 sunt.

574 631 624 673 ln
658 635 797 691 porta
834 623 1158 683 Ambianensi,
1181 624 1230 670 in
1255 641 1351 687 qua
1385 622 1633 688 quondam
1670 624 1742 670 vir
1763 623 1932 671 beatus

507 720 765 770 pauperem.
798 703 1037 766 algentem
1073 700 1329 765 chlamyde
1363 700 1523 750 decisa
1548 703 1787 762 contexit,
1828 719 1931 748 ora-

502 783 678 828 torium
701 798 729 828 a
752 780 974 843 fidelibus
1007 789 1055 827 et
1074 779 1377 837 aedificatum,
1406 780 1456 826 in
1477 796 1575 844 quo
1601 797 1731 827 nunc
1762 780 1930 845 puellae

503 860 727 923 religiosae
749 858 1026 914 deserviunt
1048 858 1114 906 ob
1135 858 1378 906 honorem
1402 849 1555 905 sancti
1579 858 1816 918 antistitis,
1842 876 1927 923 pa-

499 954 695 1003 rumper
716 937 948 984 habentes
971 937 1230 998 facultatis,
1256 937 1345 984 nisi
1367 935 1503 1001 quod
1527 951 1607 983 eas
1632 935 1926 983 devotorum

496 1015 578 1063 alit
611 1033 733 1080 saepe
768 1015 980 1062 devotio.
1008 1018 1156 1062 Erant
1181 1024 1341 1062 tamen
1379 1014 1446 1060 eis
1464 1012 1681 1078 quodam
1706 1022 1925 1078 tempore

494 1109 646 1158 pauca
664 1093 829 1157 apium
851 1092 1073 1152 alvearia,
1099 1109 1205 1157 quae
1227 1092 1294 1139 eis
1318 1091 1505 1139 fuerant
1528 1091 1655 1153 data,
1687 1108 1792 1156 quae
1813 1108 1924 1139 cum

493 1171 691 1236 quidam
713 1170 905 1218 invidus
942 1170 1282 1236 conspexisset,
1310 1170 1376 1218 ait
1395 1171 1520 1218 intra
1541 1186 1590 1217 se
1620 1188 1632 1215 :
1678 1190 1701 1213 ε(
1729 1169 1922 1217 Utinam

491 1248 673 1313 aliquid
695 1248 756 1296 de
789 1248 864 1296 his
886 1249 1010 1296 vasis
1040 1265 1233 1314 possem
1267 1248 1469 1296 auferre.
1502 1268 1524 1291 >2
1554 1249 1727 1295 Secuta
1758 1257 1921 1295 autem

493 1337 633 1373 nocte
657 1327 902 1390 instigatus
923 1343 951 1374 a
968 1327 1204 1388 daemone,
1225 1326 1394 1374 ablatis
1416 1325 1568 1373 tribus
1586 1326 1733 1386 vasis,
1758 1326 1920 1373 navim

490 1414 677 1466 onerat,
703 1416 755 1452 ut
778 1405 956 1453 scilicet
975 1406 1175 1453 transito
1198 1421 1340 1452 amne
1360 1403 1452 1451 sibi
1481 1403 1663 1451 facilius
1686 1421 1793 1468 quae
1815 1403 1923 1451 abs·

489 1471 662 1531 tulerat·
681 1483 963 1533 vindicaret.
984 1483 1096 1546 Sed,
1120 1483 1267 1531 credo
1291 1483 1334 1530 ei
1357 1481 1761 1547 impedimentum
1780 1482 1921 1530 fuisse

489 1562 584 1609 hoc
629 1562 831 1620 furtum,
877 1563 1000 1609 sicut
1037 1571 1203 1627 postea
1240 1560 1488 1607 manifeste
1529 1559 1787 1625 probatum
1830 1571 1915 1608 est.

489 1641 635 1703 Igitur
671 1657 781 1687 cum
819 1640 919 1688 sole
957 1641 1142 1688 oriente
1177 1639 1240 1686 ad
1275 1649 1473 1704 portum
1522 1638 1734 1686 fluminis
1778 1655 1918 1686 causa

488 1718 814 1766 transmeandi
831 1718 1053 1766 homines
1076 1727 1408 1784 properarent,
1434 1716 1598 1763 navim
1612 1716 1674 1763 ad
1695 1715 1826 1763 littus
1845 1732 1919 1763 as-

490 1796 704 1860 piciunt,
748 1813 958 1862 apesque
995 1813 1053 1844 ex
1086 1796 1303 1843 alveariis
1335 1795 1613 1845 catervatim
1642 1810 1914 1858 emergere,

489 1873 836 1939 hominemque
858 1892 1076 1923 seorsum
1085 1875 1245 1939 jacere
1259 1883 1567 1939 prostratum.
1586 1872 1679 1920 Sed
1695 1883 1918 1938 putantes

489 1967 603 1999 eum
625 1969 654 2000 a
675 1970 848 2001 somno
871 1964 1178 2019 occupatum,
1195 1954 1316 2000 sicut
1334 1952 1599 2000 didicerant
1615 1952 1716 2015 jam
1736 1968 1764 1999 a
1786 1953 1918 2018 puel-

490 2030 546 2078 lis
578 2031 758 2079 furtum
782 2034 977 2090 factum,
1011 2033 1301 2098 quantocius
1326 2040 1590 2097 properant
1625 2031 1686 2078 ad
1715 2031 1914 2095 alligan-

489 2104 607 2152 dum
634 2123 747 2154 eum
763 2145 775 2169 ,
819 2108 903 2155 sed
935 2108 1216 2156 accedentes
1238 2116 1485 2154 mortuum
1512 2106 1774 2172 reperiunt.
1810 2108 1915 2155 Sta-

490 2183 673 2248 timque
712 2186 881 2250 puellis
914 2196 1087 2234 notum
1123 2186 1304 2235 faciunt
1341 2184 1545 2246 factum,
1594 2195 1641 2231 et
1665 2185 1800 2249 quod
1846 2187 1914 2233 fu-

488 2270 642 2308 ratum
701 2262 852 2310 fuerat
904 2263 1085 2312 cellulae
1135 2264 1416 2322 restituunt,
1472 2262 1765 2311 admirantes
1814 2273 1911 2312 tam

487 2337 713 2387 velociter
751 2341 800 2388 in
846 2341 1045 2391 homine
1081 2342 1255 2390 divinae
1283 2341 1476 2389 ultionis
1513 2342 1763 2389 accessisse
1802 2359 1909 2390 sen-

486 2418 698 2464 tentiam.
