2028 3458
1185 77 1190 97 ’·
1237 76 1321 120 ἱ-

420 259 498 298 388
782 259 849 296 DE
877 257 1065 295 GLORIA
1093 257 1465 297 CONFESSORUM.

420 351 596 399 montis
617 358 839 414 puteum,
878 365 1021 412 quem
1052 347 1235 396 obsessi
1258 348 1320 396 ad
1342 366 1480 396 usum
1504 347 1747 395 habebant
1767 347 1837 394 bi·

414 427 588 487 bendi,
628 426 835 473 obturat.
863 426 1007 484 Quod
1028 442 1139 473 cum
1169 426 1434 474 antedictus
1478 427 1566 473 Dei
1602 425 1859 484 famulus,

415 506 498 571 qui
532 514 647 552 tunc
679 520 789 551 cum
822 503 1015 568 reliquis
1051 503 1173 551 infra
1206 504 1347 552 castri
1379 503 1695 551 munitionem
1719 519 1836 550 con-

413 584 572 632 clusus
596 593 720 642 erat,
748 593 986 644 cerneret,
1018 582 1296 647 videretque
1337 582 1573 647 populum
1618 581 1837 629 consumi

412 663 510 710 sitis
535 662 724 726 injuria,
745 662 1010 709 orationem
1035 670 1178 708 nocte
1204 669 1304 708 tota
1332 659 1454 706 fudit
1476 659 1538 708 ad
1554 660 1832 720 Dominum,

412 750 464 788 ut
483 740 740 804 respiciens
757 739 991 804 populum
1023 738 1185 787 hostes
1219 737 1470 803 improbos
1500 737 1754 802 effugaret,
1792 746 1838 784 et

410 834 509 865 non
533 826 776 883 pateretur
806 833 890 864 eos
914 817 1012 864 sitis
1038 816 1211 864 ardore
1241 815 1480 863 consumi.
1516 816 1674 872 Tunc,
1704 830 1836 862 reve·

408 894 535 944 lante
568 894 659 942 sibi
687 894 863 959 Spiritu
902 903 1085 952 sancto,
1114 893 1179 940 ait
1210 892 1272 941 ad
1300 892 1525 958 plebem:
1561 912 1584 937 «
1614 891 1839 955 Quisquis

409 972 557 1020 habet
583 972 852 1033 vasculum,
880 971 1035 1036 ejiciat
1060 971 1187 1020 foras
1218 971 1266 1017 in
1298 971 1524 1036 plateam,
1548 979 1594 1016 et
1615 968 1839 1034 deprece-

408 1060 485 1098 tur
514 1050 795 1105 Dominum.
826 1049 971 1096 Dabit
997 1050 1126 1096 enim
1166 1048 1304 1096 vohis
1335 1047 1483 1095 hodie
1516 1047 1708 1110 largitas
1737 1047 1839 1111 ejus

408 1144 556 1193 aquas
577 1129 627 1175 in
651 1127 966 1189 abundantia,
1000 1138 1051 1175 ut
1083 1145 1183 1175 non
1211 1126 1441 1174 deficiatis
1469 1142 1556 1173 vos
1580 1134 1626 1171 et
1652 1125 1839 1190 parvuli

407 1208 568 1256 vestri.
598 1227 622 1251 >2
659 1209 768 1253 Haec
801 1222 860 1254 eo
886 1205 1102 1267 dicente,
1138 1204 1292 1252 nubes
1324 1203 1482 1251 subito
1507 1212 1726 1250 texerunt
1748 1219 1840 1250 coe·

407 1285 526 1346 lum,
553 1293 600 1332 et
631 1283 878 1332 descendit
900 1283 1057 1330 imber
1088 1299 1290 1346 magnus
1320 1281 1381 1328 de
1418 1281 1568 1341 coelo,
1610 1297 1723 1327 cum
1762 1290 1838 1327 to·

407 1363 578 1410 nitruis
614 1372 661 1409 et
694 1359 1132 1421 coruscationibus,
1180 1375 1323 1424 super
1355 1368 1590 1417 castrum,
1630 1357 1836 1423 duplum

408 1439 600 1504 populls
621 1437 910 1486 beneficium
932 1436 1166 1502 praebens,
1197 1435 1360 1501 pluvia
1388 1452 1556 1483 arcens
1580 1435 1724 1496 sitim,
1747 1434 1839 1481 fra-

408 1516 602 1581 goribus
647 1514 862 1579 effugans
909 1515 1116 1562 hostem.
1171 1512 1516 1578 Completaque
1565 1521 1676 1559 sunt
1727 1525 1841 1558 vasa

411 1594 647 1655 omnium,
676 1603 724 1641 et
745 1592 900 1641 satiati
921 1601 1031 1640 sunt
1056 1591 1234 1639 cuncti.
1264 1591 1438 1656 Sicque
1464 1589 1667 1637 obtentu
1686 1605 1840 1636 sacer-

411 1669 562 1729 dotis,
604 1670 773 1735 fugatis
808 1669 1113 1728 adversariis,
1149 1668 1358 1734 populus
1393 1667 1598 1716 salvatus
1626 1683 1655 1715 a
1686 1677 1841 1714 castro

410 1747 637 1796 discessit.
677 1752 730 1795 In
770 1748 1060 1796 monasterio
1086 1757 1248 1794 autem
1278 1745 1372 1794 loci
1394 1745 1520 1793 illius
1547 1745 1720 1811 plenus
1745 1745 1842 1792 die·

412 1842 519 1873 rum
543 1825 746 1885 transiit,
772 1824 936 1889 ibique
961 1825 1174 1891 sepultus
1190 1834 1260 1872 est
1281 1843 1292 1872 z
1319 1823 1380 1872 ad
1404 1824 1541 1888 cujus
1567 1822 1840 1888 sepulcrum

414 1904 582 1969 saepius
607 1903 784 1950 infirmi
811 1912 1054 1951 sanantur.
1095 1901 1325 1949 Puerulus
1351 1910 1511 1948 autem
1535 1917 1660 1948 unus
1685 1917 1743 1947 ex
1770 1899 1841 1946 fa-

415 1981 545 2029 milia
563 1980 770 2029 ecclesiae
786 1981 1032 2028 Turonicae
1051 1980 1100 2027 in
1120 1979 1445 2027 valetudinem
1457 1978 1654 2026 corruit.
1671 1980 1714 2024 Is
1730 1993 1841 2024 cum

415 2058 616 2106 anhelus
639 2057 961 2120 occumberet,
987 2074 1044 2105 ac
1067 2058 1115 2104 in
1149 2056 1371 2104 extremis
1393 2056 1575 2120 positus
1595 2063 1842 2120 putaretur

417 2136 636 2201 spiritum
661 2136 898 2197 exhalare,
923 2135 985 2183 ad
1008 2136 1109 2200 ejus
1132 2134 1379 2183 basilicam
1402 2134 1697 2199 deportatus,
1730 2149 1841 2197 pro-

417 2215 546 2262 tinus
567 2215 796 2263 exstincta
816 2214 947 2262 febre
966 2213 1154 2262 sanitati
1171 2223 1241 2261 est
1256 2211 1487 2260 redditus.
1509 2211 1603 2259 Sed
1624 2220 1670 2258 et
1686 2209 1841 2277 puella

418 2292 480 2341 de
506 2292 582 2340 his
614 2293 864 2358 mancipiis
899 2290 1038 2339 simili
1079 2301 1207 2338 sorte
1248 2289 1543 2349 febricitans,
1583 2305 1696 2336 cum
1733 2298 1843 2334 ante

417 2370 656 2419 cancellos
680 2371 982 2417 monumenti
1005 2370 1167 2418 fuisset
1191 2369 1420 2434 exposita,
1449 2368 1498 2414 in
1532 2368 1635 2433 ipsa
1660 2365 1737 2413 die
1760 2367 1842 2412 in-

418 2449 682 2498 columitati
704 2458 775 2497 est
795 2448 1024 2496 restituta.
1051 2447 1123 2495 Ad
1146 2463 1236 2494 nos
1255 2462 1371 2494 vero
1390 2462 1502 2493 cnm
1524 2444 1703 2492 horum
1720 2443 1843 2491 noti-

417 2527 483 2575 tia
515 2527 806 2588 devenisset,
841 2542 1045 2591 puerum
1077 2524 1340 2572 humiliatis
1373 2523 1557 2589 capillis
1587 2522 1702 2569 huic
1734 2537 1838 2568 mo-

418 2606 625 2653 nasterio
652 2604 879 2652 cessimus
902 2621 912 2651 :
946 2602 1156 2669 puellam
1183 2618 1298 2650 vero
1328 2610 1511 2649 mutata
1539 2609 1669 2647 veste
1698 2599 1841 2646 coetui

417 2681 850 2731 sanctimonialium
866 2681 1093 2745 conjungi
1110 2680 1440 2746 praecepimus,
1457 2677 1518 2726 ad
1536 2677 1841 2725 serviendum

417 2763 538 2808 Deo.
